3246 4959
1483 304 1586 379 45

399 495 610 559 lusis
634 512 714 559 se
776 489 1158 575 „delectare“
1221 493 1608 576 interpretato
1672 490 2060 569 assentietur,
2118 508 2233 554 nec
2274 490 2522 570 Jahnio,
2575 490 2677 572 qui

403 616 479 679 „s
505 615 697 662 enes
734 593 958 679 jocos“
1003 596 1319 677 intellexit,
1366 595 1525 677 quod
1568 596 1672 659 vix
1731 595 2040 676 quisquam
2098 612 2216 657 non
2262 594 2516 658 monitus
2561 593 2677 658 de-

400 701 801 785 prehenderit.
890 700 1232 765 Lectionem
1278 700 1707 783 egregioS,
1766 717 1945 782 quam
2003 698 2238 779 quidem
2284 717 2489 762 omnes
2536 697 2669 762 fere

401 806 571 870 codd.
617 807 937 889 praebent,
982 805 1243 869 editores
1280 804 1417 886 jure
1462 805 1829 885 rejecerunt,
1873 820 2054 883 quum
2111 808 2232 865 tum
2282 802 2490 884 »jocos
2537 804 2675 887 agi-

400 917 567 975 tare«
615 919 676 975 et
723 909 1029 974 »lusisse«
1079 907 1151 971 ad
1198 926 1257 970 v.
1304 906 1579 988 opifex
1623 905 1857 970 referre
1899 923 2153 970 necesse
2214 906 2323 984 sit,
2375 906 2537 987 quod
2580 907 2676 970 in-

403 1023 634 1096 eptum;
688 1015 960 1097 jocorum
1008 1011 1208 1095 opifex
1251 1011 1410 1074 nulla
1454 1011 1631 1074 laude
1677 1010 1891 1095 dignus
1939 1017 2051 1073 est.
2099 1010 2243 1072 Mira
2303 1019 2674 1094 argumenta,

405 1119 620 1200 quibus
665 1119 865 1183 Herm.
915 1117 1008 1189 (L.
1055 1117 1113 1180 P.
1176 1116 1234 1189 l,
1281 1135 1341 1199 p.
1389 1119 1425 1178 7
1488 1121 1647 1197 sqq.)
1694 1114 2007 1179 lectionem
2073 1131 2320 1177 senex
2393 1114 2677 1195 defendit,

401 1222 575 1295 Jahn.
619 1222 876 1299 (Ztschr.
922 1221 965 1285 f.
1010 1219 1425 1285 Althw.1844
1452 1238 1513 1302 p.
1560 1219 1756 1290 1109)
1797 1219 2013 1300 optime
2055 1217 2353 1282 refutavit.
2397 1219 2515 1282 Res
2559 1227 2677 1284 tam

306 1368 311 1375 -
402 1333 606 1409 aperta
666 1335 791 1404 est,
848 1334 913 1389 ut
955 1324 1068 1389 illis
1112 1325 1261 1388 affici
1323 1342 1442 1387 non
1487 1324 1715 1408 possit,
1776 1342 1957 1405 quum
2004 1322 2245 1386 Persius
2310 1322 2556 1388 Bassum
2605 1343 2681 1388 „a

403 1431 592 1514 prima
656 1430 1056 1494 adolescentia
1113 1430 1361 1493 amicum
1419 1429 1731 1492 habueritoe
1809 1437 1868 1493 et
1935 1429 2150 1492 satirae
2214 1434 2421 1492 natura
2467 1447 2539 1491 ea
2585 1429 2684 1507 sit,

408 1541 471 1597 ut
515 1534 629 1599 nisi
675 1534 751 1597 ad
813 1535 1254 1600 adolescentem
1300 1534 1522 1615 scripta
1585 1551 1724 1597 esse
1768 1551 1888 1595 non
1957 1531 2237 1614 potuerit.
2283 1530 2449 1594 lllum
2497 1552 2549 1599 a.
2602 1531 2683 1596 79

406 1655 466 1720 p.
515 1637 643 1717 Ch.,
686 1637 842 1701 lel
888 1656 1074 1703 annos
1121 1645 1257 1719 post
1302 1644 1548 1700 mortem
1597 1637 1803 1712 Persii,
1850 1637 2117 1699 Vesuvio
2149 1635 2398 1698 ardente
2441 1636 2502 1699 in
2547 1636 2682 1700 villa

408 1740 702 1823 Campana
761 1743 1054 1824 periisse,
1099 1739 1287 1804 schol.
1354 1742 1644 1816 narravit,
1707 1740 1868 1822 quod
1927 1759 2036 1804 cur
2109 1740 2304 1803 fictum
2367 1741 2686 1804 habeamus

410 1863 527 1909 non
572 1844 792 1925 video,
850 1864 1030 1926 quum
1077 1845 1204 1925 ipsa
1251 1844 1591 1918 Quintiliani
1637 1845 1824 1909 verba
1886 1862 2102 1926 „quem
2148 1862 2340 1926 nuper
2386 1846 2676 1909 vidimus«

410 1949 809 2014 adolescentis
865 1949 1151 2034 egregiae
1210 1948 1341 2031 spei
1403 1948 1707 2013 immatura
1774 1957 1963 2013 morte
2033 1949 2264 2032 abrepti
2326 1949 2686 2013 desiderium

411 2054 683 2136 prodant.

584 2159 656 2221 V.
705 2158 808 2222 14.
854 2158 1057 2222 Heinr.
1102 2166 1291 2236 recte,
1337 2159 1397 2220 ni
1446 2157 1656 2237 fallor,
1718 2165 1794 2221 et
1839 2159 1900 2221 si
1944 2159 2215 2240 scripsit,
2277 2159 2507 2242 plenius
2555 2166 2691 2240 post

411 2283 474 2331 v.
520 2263 800 2348 pinguior
854 2263 1280 2346 interpungere
1323 2263 1729 2327 necessarium
1791 2281 1908 2325 non
1955 2270 2112 2340 erat3
2175 2264 2226 2326 si
2274 2265 2427 2327 etsi
2473 2262 2691 2326 scribi-

415 2386 569 2448 mus,
614 2368 808 2431 omnia
854 2366 929 2430 ad
976 2385 1033 2430 v.
1080 2384 1441 2430 recusem
1488 2364 1808 2429 referenda
1855 2375 2014 2445 sunt,
2060 2384 2178 2448 quo
2219 2367 2550 2431 sententiae
2594 2367 2693 2429 in-

414 2492 613 2556 genua
656 2471 912 2536 hilaritas
956 2470 1195 2554 infringi
1242 2471 1377 2534 mihi
1425 2470 1680 2536 videtur.
1726 2470 1902 2545 Quod
1949 2472 2007 2534 in
2051 2471 2188 2535 villa
2230 2472 2536 2557 Ligustina
2581 2490 2690 2535 se-

417 2594 597 2642 curus
642 2577 823 2655 vivat,
866 2576 1160 2640 sententia
1204 2576 1551 2659 gravissima
1597 2582 1711 2654 est,
1757 2593 1910 2657 quae
1944 2574 2432 2640 familiam-ducit:
2478 2594 2549 2640 se
2595 2576 2692 2638 vi-

416 2684 566 2747 cinis
610 2681 918 2746 ditioribus
971 2698 1092 2744 non
1152 2679 1421 2743 invidere
1482 2687 1542 2744 et
1601 2698 1634 2742 a
1680 2681 1838 2744 victu
1882 2680 2166 2760 sordido,
2228 2699 2347 2762 quo
2394 2681 2512 2744 vita
2556 2669 2693 2742 mo·

416 2786 565 2852 lesta
611 2805 680 2849 ac
726 2787 855 2850 fere
899 2803 1016 2847 non
1063 2784 1260 2849 vitalis
1306 2784 1630 2863 reddatur,
1687 2804 1861 2866 quam
1907 2787 2157 2849 maxime
2214 2784 2562 2848 abhorrere.
2613 2815 2691 2826 —-

418 2891 489 2955 V.
535 2892 637 2956 24.
699 2890 944 2954 Pluralis
1013 2907 1292 2952 numerus
1363 2896 1687 2952 »tenues
1748 2890 1964 2953 sollers
2012 2888 2307 2953 turdarum
2355 2907 2536 2954 nosse
2579 2907 2695 2951 sa-

419 2994 681 3074 livasss,
727 3012 906 3074 quem
950 2993 1129 3057 codd.
1181 2994 1384 3076 optimi
1430 2993 1751 3074 praebent,
1798 2993 2083 3077 singulari
2144 3003 2452 3058 tenuem
2499 2992 2697 3056 sali-

421 3117 579 3160 vam
628 3097 981 3177 exquisitior
1014 3104 1130 3176 est3
1176 3097 1458 3178 majorem
1505 3096 1684 3180 palati
1719 3096 2116 3175 subtilitatem,
2160 3117 2274 3179 qua
2300 3098 2496 3181 gulosi
2523 3097 2695 3159 etiam

420 3219 630 3265 sexum
675 3200 982 3263 turdorum
1028 3198 1488 3281 deprehendere
1533 3200 1847 3281 callebant,
1895 3202 2170 3265 ostendit.
2228 3235 2302 3245 —
2352 3202 2476 3266 VV.
2524 3200 2692 3265 33-

422 3304 503 3369 3⁷
552 3306 743 3368 Herm.
804 3304 1179 3368 scholiastam
1239 3311 1481 3368 secutus
1530 3306 1680 3369 male
1741 3306 2084 3370 adversario
2147 3306 2427 3370 attribuit.
2519 3306 2696 3367 Poeta

422 3410 516 3474 illa
560 3428 670 3494 per
719 3409 917 3491 jocum
963 3409 1214 3472 minatur
1259 3414 1339 3486 et,
1385 3409 1442 3470 in
1488 3408 1751 3472 ludendo
1814 3408 1943 3472 fere
1988 3411 2223 3490 nimius,
2268 3429 2391 3474 rem
2451 3408 2700 3472 ridicule

423 3514 724 3593 describit,
769 3531 921 3595 quae
967 3514 1019 3576 si
1067 3512 1416 3576 adversario
1463 3512 1783 3592 attribuaS,
1829 3516 2020 3577 omnis
2067 3515 2365 3580 sermonis
2410 3513 2696 3577 festivitas

424 3628 488 3685 et
531 3620 755 3683 urbana
786 3617 1177 3680 dissimulatio
1224 3616 1512 3697 perditur.
1562 3617 1986 3681 Adversarium
2021 3606 2183 3682 serio*
2226 3619 2506 3700 vultuque
2528 3636 2699 3681 com·-

426 3726 622 3807 posito
668 3707 841 3787 haec
864 3721 1086 3801 dicere,
1120 3722 1256 3785 mihi
1302 3721 1434 3787 lere
1466 3721 1787 3786 absurdum
1833 3721 2091 3787 videtur.
2130 3722 2369 3809 Deinde
2402 3722 2702 3804 quomodo

426 3828 694 3893 secunda
743 3845 1003 3909 persona
1051 3828 1511 3890 curtaveris
1573 3826 1924 3907 explicatur,
1970 3844 2123 3908 quae
2169 3827 2243 3890 ad
2291 3827 2552 3890 Persium
2601 3846 2708 3891 re-

427 3934 568 3998 ferri
627 3952 744 3996 non
804 3940 1038 4014 potest,
1097 3932 1366 4014 quamvis
1423 3931 1828 3996 liberalitatem
1890 3931 2309 3995 commendans
2367 3933 2592 4015 pariter
2652 3933 2707 3994 in

426 4037 707 4104 heredem
740 4053 999 4119 peccare
1045 4037 1364 4100 videatur?
1412 4036 1622 4101 Omnia
1657 4037 1838 4099 Persii
1870 4045 2026 4115 sunt,
2072 4039 2247 4100 etiam
2273 4036 2448 4101 illudz
2499 4036 2707 4099 ”Tune

428 4140 582 4204 bona
627 4141 943 4206 incolumis
988 4143 1213 4206 minuas
1230 4142 1331 4221 ⁴2«,
1378 4140 1539 4224 quod
1598 4160 1806 4205 omnes
1866 4140 1994 4203 fere
2050 4141 2314 4205 editores
2359 4141 2707 4204 adversario

429 4246 841 4312 attribuerunt.
930 4247 1079 4310 Tum
1137 4247 1341 4311 Herm.
1402 4264 1481 4309 ex
1537 4245 1780 4312 scholiis
1825 4245 2190 4310 hemistichia
2257 4264 2317 4312 v.
2380 4244 2462 4309 37
2521 4252 2580 4308 et
2626 4245 2704 4311 41
