3246 4959
1594 257 1701 333 24

511 446 863 515 sententiam
921 447 1183 514 breviter
1246 464 1610 530 exponerem
1670 465 2002 530 versusque
2059 465 2179 512 non
2235 447 2379 514 satis
2440 446 2787 531 explanatos

511 559 912 616 retractarem.
961 553 1134 627 Quod
1178 552 1317 616 mihi
1361 571 1436 615 eo
1481 554 1667 636 magis
1696 571 1922 634 operae
1950 553 2203 634 pretium
2236 553 2564 632 videbatur,
2610 569 2787 632 quum

513 660 644 739 ipse
696 656 980 735 Jahnius,
1045 677 1125 721 ne
1186 657 1612 737 simplicitatem
1673 656 2099 738 interpretandi
2160 657 2472 740 perderet,
2539 657 2789 720 aliorum

514 761 842 827 sententias
902 760 1219 845 diligenter
1285 760 1521 843 quidem
1584 762 1962 840 examinarit,
2037 760 2147 824 sed
2207 762 2265 823 in
2324 760 2790 825 controversiam

518 885 635 930 non
693 867 1024 929 vocaverit.
1094 865 1287 941 Quum
1348 883 1497 928 vero
1559 865 1956 930 difficillimum
2016 866 2091 929 sit
2156 884 2275 929 non
2336 866 2555 929 frustra
2614 866 2672 927 in
2718 881 2792 927 eo

480 971 828 1051 ‚laborare,
882 970 941 1031 in
1000 988 1118 1050 quo
1179 970 1383 1051 paucis
1442 968 1655 1032 abhinc
1716 969 1881 1032 annis
1939 971 2047 1033 viri
2094 969 2415 1033 doctissimi
2469 964 2652 1050 ‘atque
2697 969 2794 1030 in-

519 1073 922 1160 geniosissimi
969 1091 1211 1154 operam
1258 1092 1420 1137 suam
1467 1075 1862 1153 collocarunt,
1919 1075 1969 1136 si
2013 1074 2126 1137 hae
2172 1075 2556 1155 quaestiones
2599 1073 2796 1136 levio·

521 1198 625 1243 res
683 1197 716 1240 a
764 1178 886 1238 VV.
950 1177 1074 1241 DD.
1127 1177 1428 1259 judicatae
1476 1179 1724 1256 fuerint,
1777 1198 1910 1256 me,
1968 1180 2026 1241 in
2090 1178 2298 1257 literis·
2345 1178 2540 1242 adhuc
2605 1177 2796 1239 minus

522 1282 942 1358 exercitatum,
986 1281 1218 1344 veniam
1265 1281 1335 1343 ab
1380 1282 1493 1344 illis
1548 1283 1991 1364 impetraturum
2051 1301 2192 1347 esse
2235 1282 2487 1347 confido.
2550 1282 2801 1363 Semper

524 1406 673 1452 usus
731 1385 1043 1465 loquendi,
1126 1386 1355 1449 consilii
1414 1389 1760 1469 scriptoriS,
1835 1406 2042 1469 ,rerum
2103 1396 2163 1451 et
2225 1388 2545 1451 verborum
2612 1403 2803 1449 nexus

525 1493 837 1576 diligenter
882 1493 1169 1555 rationem
1201 1489 1376 1554 habui
1421 1500 1602 1573 utque
1649 1492 1789 1554 novi
1834 1488 2051 1573 aliquid
2107 1492 2465 1573 proferrem,
2507 1490 2799 1573 spectavi.

698 1596 1190 1673 Prologum
1240 1613 1357 1657 non
1403 1604 1541 1677 apte
1588 1595 1661 1658 ad
1707 1614 1914 1658 omnes
1959 1596 2171 1659 satiras
2214 1595 2462 1674 referri,
2517 1594 2624 1659 sed
2669 1613 2802 1656 cum

525 1701 712 1784 prima
772 1700 949 1762 satira
993 1699 1283 1762 artissimo
1329 1699 1697 1778 cohaerere,
1760 1708 1821 1762 ut
1865 1720 1996 1763 cum
2057 1699 2167 1763 hac
2223 1702 2393 1781 quasi
2440 1717 2618 1762 unum
2664 1717 2804 1762 car-

528 1824 662 1868 men
709 1804 958 1882 efficiat,
1019 1803 1287 1885 plerique
1344 1804 1704 1885 interpretes
1758 1814 1925 1868 recte
1970 1812 2401 1888 cognoverunt.
2458 1804 2588 1885 lpsa
2631 1804 2804 1866 satira

525 1910 745 1992 prima,
807 1907 1169 1989 praeclarum
1229 1909 1449 1991 ingenii
1510 1916 1726 1990 poetae
1788 1909 2239 1989 documentum,
2298 1907 2470 1990 quasi
2514 1908 2805 1990 prologus

531 2013 896 2094 reliquarum
943 2012 1255 2075 satirarum
1302 2020 1412 2091 est,
1458 2030 1575 2094 qua
1625 2015 1862 2078 Persius
1907 2033 1974 2076 se
2020 2014 2092 2077 ab
2140 2014 2411 2077 omnibus
2456 2031 2603 2076 suae
2642 2018 2807 2075 aeta-

532 2119 604 2181 tis
659 2117 890 2199 poetiS,
963 2131 1213 2197 quorum
1278 2117 1467 2179 studia
1527 2118 1950 2181 contemnebat
2018 2126 2076 2181 et
2133 2136 2244 2200 pro
2300 2117 2477 2180 nihilo
2538 2116 2810 2194 ducebat,

531 2221 788 2304 seJungit
832 2227 890 2282 et
931 2221 1231 2297 rationes,
1277 2206 1509 2302 quibus*
1534 2222 1906 2303 potissimum
1953 2222 2024 2285 ad
2070 2222 2279 2285 satiras
2324 2220 2669 2290 scribendas
2712 2221 2811 2283 in-

532 2328 747 2391 citatus
802 2324 913 2401 sit,
974 2322 1163 2386 affert.
1209 2318 1293 2386 llli
1338 2341 1512 2405 quam
1559 2327 1807 2390 maxime
1863 2336 2096 2405 errant,
2156 2326 2255 2407 qui
2302 2326 2587 2403 Persium,
2632 2343 2811 2406 quum

532 2430 761 2513 poetiS,
821 2445 1070 2510 quorum
1132 2428 1484 2493 carminibus
1540 2429 1807 2496 homines
1869 2440 2008 2495 tunc
2051 2431 2301 2495 maxime
2347 2429 2816 2506 delectabantur,

534 2532 909 2597 adnumerari
974 2549 1090 2593 non
1155 2530 1327 2612 vetit,
1403 2551 1573 2596 suum
1637 2535 1821 2615 ipsius
1896 2537 2196 2621 ingenium
2260 2536 2533 2598 elevasse
2597 2539 2817 2620 putant.

537 2638 854 2720 Prologum
900 2643 1110 2713 totum,
1156 2655 1333 2717 quum
1382 2646 1557 2719 poeta
1603 2640 1864 2721 superbe
1910 2659 1980 2703 ac
2026 2639 2334 2704 fastidiose
2371 2639 2594 2721 potius,
2642 2655 2817 2719 quam

542 2741 813 2805 modeste
859 2740 1157 2820 loquatur,
1203 2760 1423 2805 meram
1472 2743 1917 2808 acerbissimam
1976 2745 2310 2808 irrisionem
2356 2760 2497 2807 esse
2532 2743 2651 2824 jam
2700 2739 2818 2804 Ca-

540 2844 843 2911 saubonus
888 2840 1188 2906 intellexit.

710 2950 783 3010 V.
830 2947 870 3008 9
915 2955 1079 3010 recte
1135 2948 1257 3032 legi
1317 2952 1601 3030 „verba
1648 2949 1961 3017 nostra“
2027 2952 2199 3017 Jahn.
2246 2952 2361 3026 (in
2406 2950 2498 3013 ed.
2545 2950 2713 3023 min.)
2760 2957 2823 3013 et
2933 2933 2936 2938 θ

544 3057 746 3119 Herm.
805 3052 1200 3115 consentiunt.
1264 3055 1437 3119 Picae
1495 3074 1708 3119 vocem
1765 3058 2074 3121 humanam
2120 3058 2158 3121 i.
2204 3075 2259 3121 e.
2319 3056 2568 3121 verba
2613 3054 2823 3117 imitari

547 3161 821 3223 dicuntur
837 3176 861 3231 3-
915 3157 1146 3220 acutius
1214 3158 1292 3223 illi
1353 3159 1658 3239 viderunt,
1732 3163 1829 3243 qui
1897 3170 2140 3242 „nostra
2204 3156 2428 3224 verba“
2494 3159 2824 3223 scribentes

547 3263 809 3328 Persium
871 3260 1249 3339 psittacorum
1308 3264 1572 3344 Graeca,
1644 3268 1906 3348 picarum
1952 3267 2153 3329 Latina
2214 3265 2398 3328 verba
2460 3263 2825 3327 intellexisse

546 3373 749 3451 putant
797 3362 903 3436 (cf.
950 3364 1147 3427 Herm.
1194 3368 1379 3433 Lectt.
1428 3371 1485 3434 P.
1535 3370 1639 3447 lll,
1686 3391 1744 3454 p.
1791 3370 1890 3445 3).
1948 3370 2177 3433 Eodem
2224 3387 2404 3432 versu
2463 3369 2560 3451 qui
2607 3374 2825 3449 poetae

548 3471 734 3536 verba
781 3467 853 3530 ad
898 3473 1412 3550 grammaticorum
1457 3476 1627 3560 leges
1675 3477 1954 3561 dirigunt,
1999 3476 2413 3557 picamque
2460 3472 2829 3553 scripserunt

550 3586 650 3655 ut,
694 3590 873 3655 quum
920 3581 1200 3638 numerus
1246 3579 1565 3663 singularis
1612 3582 1951 3662 psittaco
1998 3578 2357 3660 praecedat,
2411 3578 2569 3658 justa
2615 3593 2828 3640 serva-

553 3688 721 3744 retur
753 3674 1072 3739 verborum
1100 3680 1271 3747 ratio.
1305 3715 1370 3726 —-
1406 3683 1473 3747 V.
1525 3684 1604 3748 12
1651 3684 2063 3769 refulgeat
2107 3690 2274 3747 certe
2302 3680 2450 3744 falsa
2496 3680 2672 3744 lectio
2719 3686 2831 3757 est,

554 3802 710 3867 quae
757 3800 835 3843 ex
882 3779 1233 3847 scholiastae
1289 3787 1491 3852 verbis
1536 3789 1919 3868 „refulscrit,
1976 3784 2314 3870 refulgeat“
2380 3785 2648 3866 profecta
2693 3802 2832 3847 esse

553 3889 808 3951 videtur.
873 3884 1085 3948 Poetas
1130 3887 1285 3968 illos,
1332 3890 1467 3953 dum
1515 3893 1771 3955 carmina
1814 3893 2083 3970 recitant,
2126 3897 2418 3974 perpetuo
2464 3907 2832 3953 nummorum

553 3991 875 4074 splendore
930 3988 1214 4056 stimulari
1262 3996 1541 4059 acerbum
1581 4005 1695 4077 est,
1741 4015 1858 4059 non
1903 4015 2133 4072 verum,
2179 3994 2253 4058 cf.
2304 3992 2402 4073 Ν,
2437 3994 2555 4078 47:

731 4134 853 4181 „—
900 4103 1070 4166 viso
1128 4104 1178 4166 si
1223 4101 1410 4184 palles
1455 4102 1722 4183 improbe
1763 4095 2066 4166 nummo.“
2123 4099 2370 4164 Jahnius
2414 4097 2632 4161 nollem
2680 4104 2834 4175 qnae

561 4206 618 4269 in
665 4205 925 4269 editione
969 4206 1096 4289 maj.
1143 4204 1383 4290 scripsit
1425 4205 1776 4289 spicasque,
1822 4203 2149 4279 refulserit)
2197 4207 2498 4265 mutasset.
