3246 4959
1619 1119 1721 1192 11.

1127 1333 1730 1442 Quaestiones
1794 1331 2207 1422 criticae.

1570 1700 1612 1735 „
1611 1643 1712 1717 ‘H
1743 1648 1868 1716 τῶν
1905 1642 2111 1738 λόγων
2155 1646 2358 1736 κρίσις
2389 1651 2642 1756 πολλῆς
2681 1651 2820 1720 ἐστι

1687 1735 1919 1824 πείρας
1962 1739 2327 1806 τελευταῖον
2373 1733 2774 1827 ἐπιγέννημα.
2776 1741 2821 1776 “

2025 1840 2239 1911 Longin.
2275 1842 2341 1894 de
2377 1843 2506 1901 subl.
2544 1860 2591 1900 c.
2626 1843 2679 1899 6

708 2037 938 2103 Satirae
976 2038 1163 2102 Persii
1209 2037 1341 2100 fere
1385 2036 1770 2117 incorruptae
1814 2034 1888 2098 ad
1934 2053 2048 2097 nos
2078 2044 2504 2118 pervenerunt,
2551 2045 2615 2101 ut
2660 2056 2823 2119 quo-

533 2160 769 2222 cunque
829 2141 962 2205 fere
1019 2142 1155 2205 loco
1218 2159 1366 2203 vera
1424 2140 1599 2202 lectio
1648 2157 1725 2200 ex
1768 2140 1906 2201 satis
1951 2140 2122 2203 bonis
2170 2148 2231 2203 et
2288 2142 2542 2222 antiquis
2588 2142 2816 2205 codici-

534 2247 644 2310 bus
680 2244 899 2309 firmari
932 2247 1140 2328 possit.
1189 2244 1382 2318 Quum
1414 2262 1583 2322 vero,
1620 2242 1782 2323 quod
1817 2243 2062 2307 Jahnius
2094 2243 2294 2307 docuit
2326 2245 2525 2327 (proli.
2556 2265 2617 2327 p.
2646 2243 2817 2321 193),

532 2351 728 2414 nullus
787 2351 983 2414 codex
1047 2358 1159 2412 tam
1211 2349 1447 2433 integer
1506 2349 1611 2427 sit,
1677 2356 1742 2411 ut
1802 2367 1936 2410 eum
1998 2349 2363 2429 potissimum
2424 2350 2696 2431 sequaris
2759 2357 2819 2412 et

458 2448 460 2450 ’
531 2455 829 2536 „diversis
887 2454 1034 2519 locis
1097 2453 1315 2517 diversi
1360 2452 1537 2517 codd.
1582 2470 1792 2516 verum
1830 2451 2183 2532 tueantur,“
2227 2452 2477 2536 ubique,
2523 2472 2676 2537 quae
2705 2473 2826 2539 ge-

530 2560 708 2622 nuina
765 2559 950 2622 Persii
1012 2558 1191 2620 verba
1252 2556 1502 2634 fuerint,
1566 2556 1794 2639 judicio
1853 2565 1916 2619 et
1995 2557 2319 2622 rationibus
2390 2559 2824 2623 decernendum

532 2673 643 2727 est.
689 2662 1095 2743 Conjecturis,
1139 2662 1298 2744 quod
1345 2661 1548 2742 paucis
1594 2661 1983 2742 scriptoribus
2031 2662 2324 2745 contigit,
2370 2681 2521 2743 opus
2561 2681 2684 2726 non
2713 2671 2826 2743 est,

534 2786 707 2831 unam
754 2785 929 2848 quam
953 2766 1194 2831 Jahnius
1240 2766 1551 2847 proposuit
1599 2764 1729 2842 (Ν,
1758 2764 1876 2837 48]
1906 2766 2038 2847 ipse
2067 2765 2279 2845 rejecit
2320 2767 2522 2849 (proll.
2552 2787 2608 2848 p.
2648 2762 2825 2841 193).

531 2871 750 2934 Nostra
806 2878 997 2933 aetate
1041 2869 1287 2934 Jahnius
1350 2870 1424 2932 de
1472 2869 1679 2931 Persio
1727 2870 1944 2950 optime
1992 2870 2242 2949 meruit,
2305 2871 2473 2954 cujus
2520 2889 2824 2934 commen-

533 2975 685 3037 tario
744 2973 1011 3057 diligenti
1070 2974 1268 3037 studio
1326 2981 1385 3035 et
1432 2972 1658 3055 Judicio
1718 2972 1980 3054 eleganti
2026 2973 2302 3037 confecto
2350 2975 2662 3054 omnibuS,
2719 2975 2821 3056 qui

532 3076 865 3159 hujusmodi
932 3078 1345 3140 adminiculum
1403 3075 1864 3154 desiderabunt,
1923 3076 2281 3141 satisfactum
2342 3080 2484 3156 erit;
2546 3078 2823 3161 equidem

535 3180 729 3244 multis
790 3181 954 3243 libris
1013 3201 1132 3245 non
1197 3183 1328 3245 sine
1389 3181 1587 3244 taedio
1650 3181 1927 3263 perlectis
1986 3181 2085 3246 illo
2145 3200 2535 3264 quaecunque
2594 3183 2687 3246 alii
2750 3183 2825 3245 de

538 3286 748 3348 Persio
792 3286 1160 3366 scripserunt
1205 3286 1335 3349 fere
1380 3285 1601 3348 inutilia
1648 3284 1878 3348 reddita
1926 3304 2067 3349 esse
2112 3287 2393 3369 cognovi.
2443 3286 2509 3349 C.
2557 3288 2621 3349 F.
2670 3287 2829 3350 Her-

538 3407 786 3452 mannus
834 3389 890 3450 in
940 3390 1288 3454 lectionibus
1335 3388 1768 3452 constituendis
1814 3390 2058 3453 scholiis
2103 3390 2339 3452 nimium
2383 3390 2622 3471 tribuit,
2678 3409 2829 3472 quae

554 3492 853 3572 ,codicum
889 3502 1183 3575 quotquot
1220 3493 1501 3556 habemus
1547 3499 1900 3555 vetustatem
1935 3511 2057 3555 non
2094 3493 2271 3557 modo
2306 3513 2589 3575 aequare,
2623 3513 2828 3557 verum

544 3597 715 3659 etiam
779 3595 1111 3677 superare“
1170 3598 1515 3670 (Lectiones
1574 3596 1892 3659 Persianae
1951 3597 2010 3677 1,
2070 3617 2131 3680 p.
2187 3598 2305 3671 25)
2365 3616 2564 3679 neque
2632 3600 2840 3678 tutius,

550 3718 673 3781 quo
722 3701 974 3764 nitantur
1021 3701 1240 3778 critici,
1299 3700 1741 3763 fundamentum
1802 3702 2053 3781 reperiri
2109 3701 2429 3765 contendit.
2492 3701 2608 3766 Sed
2667 3701 2839 3764 docta

550 3803 749 3868 Jahnii
796 3804 869 3865 de
915 3804 1158 3867 scholiis
1205 3804 1468 3867 instituta
1515 3804 1870 3883 quaestione
1908 3805 2118 3886 (proll.
2149 3824 2207 3887 p.
2237 3803 2612 3880 113—125)
2642 3806 2841 3868 inesse

548 3909 621 3972 iis
688 3907 1016 3987 quaedam,
1093 3927 1245 3991 quae
1307 3906 1607 3988 antiquum
1672 3907 1963 3990 originem
2025 3907 2310 3990 prodant,
2380 3927 2591 3971 verum
2656 3910 2839 3973 multo

546 4011 720 4093 plura
781 4031 814 4074 a
876 4013 1270 4096 grammaticis
1333 4010 1558 4074 mediae
1618 4012 1826 4075 aetatis
1886 4012 2158 4092 profecta
2229 4031 2410 4092 esse,
2468 4013 2839 4095 exploratum

540 4115 680 4178 mihi
726 4115 982 4180 videtur.
1028 4118 1246 4180 Levius
1294 4114 1533 4198 quidem
1582 4124 1645 4179 et
1688 4117 1967 4198 iniquiuS,
2014 4115 2126 4180 sed
2177 4116 2233 4178 in
2281 4117 2627 4181 universum
2672 4125 2840 4181 recte

537 4219 866 4306 Koenigius
914 4220 1088 4295 (edit.
1136 4222 1299 4285 Pers.
1347 4238 1407 4302 p.
1454 4218 1572 4292 28)
1621 4219 1697 4285 de
1743 4221 1859 4286 illis
1896 4220 2143 4304 judicat,
2189 4220 2561 4303 aequalibus,
2621 4221 2838 4304 quibus
