3246 4959
1486 294 1589 374 35
1655 270 1663 276 ’

393 495 506 554 sat.
550 486 608 567 1,
652 484 729 568 5,
772 487 856 551 49

810 588 1073 659 „ffimque
1111 587 1208 657 pila
1246 588 1397 657 lippis
1432 588 1688 641 inimicum
1724 597 1776 641 et
1807 588 1986 642 ludere
2022 587 2245 641 crudis.“

395 698 473 762 ib.
518 698 592 762 V.
641 697 721 762 72

776 834 809 862 ,,
846 826 910 837 -
946 796 1029 849 ubi
1064 796 1268 849 sedulus
1305 796 1492 864 hospes

780 883 977 948 Paene,
1013 899 1242 950 macros,
1279 886 1427 949 arsit,
1462 882 1580 934 dum
1617 882 1788 936 turdos
1824 890 1994 935 vernat
2030 884 2084 935 iu
2120 884 2280 953 igni.“

396 998 506 1057 sat.
552 990 622 1070 11,
671 991 729 1070 1,
779 989 864 1055 60

983 1089 1257 1161 „Quisquis
1297 1092 1391 1143 erit
1428 1092 1589 1157 vitae,
1625 1091 1870 1155 scribam,
1909 1090 2104 1149 color.“

398 1197 465 1262 V.
497 1196 596 1262 13.
619 1198 891 1262 Jahnium
937 1200 1273 1283 „argutiuS,
1313 1215 1484 1279 quam
1533 1197 1778 1262 verius“
1822 1217 1934 1280 pro
1979 1198 2211 1281 „quod
2257 1196 2490 1263 insusa“
2533 1199 2676 1264 sed

398 1303 715 1383 scripsisse
761 1303 958 1368 Herm.
1022 1310 1191 1366 reete
1236 1304 1564 1385 perspexit.
1629 1302 1769 1381 ille,
1817 1321 1992 1382 quem
2039 1303 2153 1366 hoc
2212 1302 2500 1387 effugisse
2556 1316 2678 1366 non

401 1409 624 1487 potuit,
685 1425 804 1469 non
867 1406 992 1470 sola
1039 1407 1174 1469 cod.
1222 1406 1734 1488 Montepessulani
1790 1408 2138 1471 auctoritate
2197 1416 2557 1488 commotus,
2619 1408 2677 1469 in

402 1527 476 1572 eo
522 1510 805 1590 offendit,
859 1510 1016 1593 quod
1063 1512 1303 1575 Persius
1346 1530 1403 1574 v.
1457 1511 1560 1590 14,
1620 1530 1739 1592 quo
1787 1511 1999 1575 eadem
2044 1512 2339 1576 sententia
2386 1526 2690 1594 expressa·

404 1622 529 1689 est,
572 1634 783 1678 rursus
828 1624 974 1697 part.
1021 1615 1252 1699 quod,
1298 1635 1369 1678 ac
1413 1615 1463 1676 si
1507 1634 1724 1677 novum
1772 1615 1914 1696 quid
1961 1615 2319 1694 adderetur,
2365 1635 2509 1680 usus
2555 1623 2679 1693 est;

402 1719 514 1785 sed
581 1719 718 1783 huic
776 1721 1107 1783 sententiae
1168 1719 1538 1783 incommodo
1596 1721 1708 1784 ista
1774 1720 2001 1783 ratione
2066 1738 2185 1783 non
2243 1720 2536 1784 medetur.
2598 1753 2665 1765 —

403 1824 474 1888 V.
546 1825 664 1903 12,
742 1824 841 1887 14.
916 1824 1050 1905 lpse
1123 1823 1372 1886 Jahnius
1439 1823 1752 1887 lectionem
1830 1825 2181 1905 queritur
2255 1831 2370 1887 tam
2431 1826 2688 1910 egregie

405 1928 704 2008 defendit,
765 1936 831 1991 ut
890 1948 1020 1993 eam
1077 1947 1111 1991 a
1171 1930 1303 1991 viro
1362 1928 1710 1992 doctissimo
1773 1928 1918 2009 (jam
1975 1928 2146 2010 proll.
2196 1945 2251 2010 p.
2303 1929 2428 1991 196
2492 1928 2695 2010 dubio,

406 2052 541 2096 num
604 2033 1009 2114 querimur
1074 2033 1500 2095 restituendum
1572 2035 1769 2106 esset)
1843 2051 1998 2095 nunc
2054 2032 2314 2095 relictam
2388 2051 2527 2097 esse
2589 2036 2696 2098 vix·

406 2136 658 2200 credere
698 2138 939 2218 possim.
985 2136 1078 2202 Ad
1122 2137 1551 2200 defendendam
1584 2137 1893 2199 lectionem
1931 2138 2292 2216 queritur
2327 2138 2466 2219 quid
2498 2138 2694 2202 Jahnii

406 2243 609 2306 verbis
653 2241 789 2305 addi
849 2243 1040 2325 possit
1100 2243 1305 2305 nescio
1353 2250 1410 2305 et
1454 2242 1731 2325 profecto
1777 2242 1933 2305 nulla
1993 2240 2093 2305 vel
2138 2241 2552 2306 emendatione
2594 2243 2698 2307 vel

410 2345 856 2428 amplificatione
905 2356 1102 2430 egent.

582 2468 653 2533 V.
716 2464 819 2534 26.
880 2469 1206 2536 Scholiasta
1272 2468 1457 2533 verba
1519 2488 1793 2533 secura
1856 2468 2148 2551 patella
2209 2468 2320 2545 (cf.
2380 2468 2523 2535 Hor.
2583 2479 2696 2538 sat.

412 2574 482 2652 11,
530 2578 588 2652 7,
633 2573 717 2637 30
762 2593 1081 2654 „securum
1132 2571 1339 2648 olus“)
1397 2573 1615 2654 optime
1661 2574 2077 2655 interpretatus
2122 2581 2215 2637 est
2255 2589 2552 2653 „securos
2598 2575 2699 2640 sa-

414 2676 648 2742 ciens.“
707 2678 897 2741 Victui
943 2679 1150 2742 sobrio
1211 2686 1272 2740 et
1314 2678 1516 2758 paucis
1561 2685 1841 2740 contento
1901 2676 2236 2756 „sollicitae
2282 2676 2475 2761 opes“
2520 2679 2699 2751 (Hor.

416 2790 525 2846 sat.
574 2781 643 2862 ll,
687 2782 748 2862 6,
798 2784 908 2859 79)
956 2784 1272 2866 oppositae
1318 2790 1472 2846 sunt.
1512 2815 1585 2824 —-
1622 2783 1693 2845 V.
1739 2782 1842 2845 29.
1888 2781 2379 2867 Repetitiopart.
2428 2782 2698 2866 disjunc-

415 2890 571 2950 tivae
631 2905 1141 2950 censoremve
1190 2920 1264 2930 —-
1315 2887 1444 2950 vel
1509 2887 1761 2967 permira
1823 2894 1950 2965 est,
2011 2886 2118 2951 sed
2175 2904 2293 2950 non
2358 2886 2699 2951 damnanda.

417 2993 592 3057 Jahn.
653 2993 847 3056 locum
912 3000 1138 3055 mutare
1182 3000 1373 3062 ,antea
1435 2993 1664 3055 veritus
1727 3010 1884 3053 nunc
1942 2990 2167 3054 facilius
2224 2989 2403 3072 idque
2451 2990 2703 3055 debilius

419 3115 999 3177 censoremque
1047 3097 1309 3177 recepit,
1353 3095 1514 3177 quod
1560 3096 1659 3158 vix
1706 3097 2045 3177 quisquam,
2094 3096 2193 3176 qui
2238 3096 2422 3159 Persii
2467 3096 2706 3176 fortem,

418 3201 711 3266 interdum
758 3200 963 3263 durum
1010 3219 1350 3264 sermonem
1399 3202 1716 3283 cognovit,
1763 3200 2121 3282 probaverit.
2182 3202 2258 3280 Si,
2288 3200 2424 3282 quid
2472 3208 2704 3264 mutan-

420 3305 555 3369 dum
618 3304 926 3382 videatur,
988 3304 1150 3385 quod
1215 3304 1350 3367 mihi
1410 3323 1531 3367 non
1589 3304 1853 3384 videtur,
1915 3304 2243 3368 Casauboni
2303 3303 2481 3368 lectio
2528 3323 2705 3367 ceu-

421 3427 812 3487 soremne,
871 3426 989 3472 uno
1050 3416 1269 3472 tantum
1328 3408 1535 3472 codice
1596 3408 1861 3488 firmata,
1921 3408 2263 3493 dignissima
2310 3416 2507 3487 esset,
2553 3426 2708 3490 quae

420 3517 825 3596 reciperetur,
886 3531 1064 3594 quum
1110 3515 1346 3577 Persius
1392 3514 1748 3595 saepissime
1805 3513 2147 3594 particulam
2195 3531 2283 3574 ne
2329 3531 2447 3575 non
2490 3531 2711 3576 neces-

423 3620 657 3683 sariam
709 3618 887 3682 addat
944 3618 1051 3691 (cf.
1099 3617 1144 3698 1,
1189 3619 1293 3683 26.
1340 3619 1442 3683 29.
1490 3617 1594 3681 80.
1642 3612 1743 3681 88.
1795 3615 1938 3680 119.
1999 3616 2068 3697 11,
2116 3621 2171 3682 7.
2217 3615 2277 3680 8.
2323 3615 2416 3695 lll,
2463 3615 2567 3681 39.
2613 3617 2714 3696 lv,

424 3724 527 3788 25.
577 3726 647 3803 V,
694 3721 843 3788 146.
888 3723 1031 3786 155.
1083 3722 1253 3794 168).
1302 3723 1416 3786 Alii
1478 3731 1627 3804 part.
1674 3719 1793 3784 vel
1841 3720 1913 3784 ad
1957 3741 2017 3785 v.
2056 3721 2419 3785 trabeate
2482 3719 2714 3785 retule-

425 3836 583 3907 runt,
628 3835 690 3891 ut
736 3828 926 3910 majus
973 3826 1109 3909 quid
1155 3827 1253 3891 vel
1298 3827 1546 3911 gravius
1592 3826 1871 3904 addatur3
1917 3834 1977 3890 at
2020 3825 2119 3889 tali
2152 3824 2523 3889 deverticulo
2561 3841 2715 3907 opus

428 3950 544 3995 non
594 3940 704 3995 est.
737 3964 810 3975 —
845 3931 1037 3994 Recte
1081 3931 1280 3994 Herm.
1327 3930 1438 4003 (cf.
1469 3929 1660 4011 praef.
1700 3950 1757 4011 p.
1808 3930 1924 4004 14)
1976 3949 2033 3993 v.
2080 3929 2164 3992 46
2211 3929 2485 3993 dicere
2519 3931 2717 4013 scrip-

430 4037 537 4115 sit,
601 4035 757 4116 quod
821 4035 996 4099 c'odd.
1059 4036 1295 4116 quidem
1344 4036 1555 4116 pauci,
1615 4033 1726 4097 sed
1788 4035 1846 4096 in
1892 4036 1982 4098 his
2038 4036 2155 4098 duo
2215 4034 2719 4116 praestantissimi,

431 4140 809 4203 Trevirensis
857 4148 918 4203 et
960 4140 1363 4216 Ebnerianus,
1423 4145 1661 4201 tuentur
1722 4145 1781 4199 et
1825 4138 2145 4202 scholiasta
2193 4137 2418 4222 legisse
2461 4138 2720 4216 videtur,

430 4263 613 4328 quum
659 4244 840 4308 dicat:
898 4245 1189 4325 „merito,
1248 4245 1465 4324 inquit,
1522 4241 1661 4305 mihi
1718 4241 2119 4327 lippitudinem
2168 4242 2584 4325 accersebam,
2642 4260 2721 4305 ne

2055 4330 2305 4403 .3*
