3246 4959
1652 267 1756 350 80

741 450 785 532 1,
830 451 954 516 142
1020 453 1262 532 „Poena
1329 461 1524 518 lamen
1570 473 1881 537 praesens,
1925 475 2103 539 quum
2149 467 2211 524 tu
2257 459 2509 542 deponis
2554 463 2798 527 amicius

877 556 1275 640 Turgidus
1321 566 1382 621 et
1425 559 1675 623 crudum
1721 554 2016 642 pavonem
2060 563 2118 625 in
2165 562 2377 628 balnea
2423 575 2645 647 portas.

874 661 1065 725 Hinc
1122 663 1434 726 subitae
1482 673 1781 731 mortes
1827 674 1886 729 et
1945 667 2217 733 intestata
2282 677 2585 733 senectus.
2657 670 2730 734 cf.
2781 672 2840 734 P.

1075 765 1190 846 111,
1236 766 1320 830 98
1364 785 1500 849 sqq.

730 864 839 946 ΙΙΙ,
883 867 969 930 84
1014 868 1275 951 Usque
1320 870 1520 934 adeo
1565 871 1706 935 nihil
1753 881 1866 937 est.
1917 919 1933 935 .
1981 873 2088 939 .‘?“

736 970 823 1048 V,
875 969 996 1035 128
1040 1009 1160 1052 „-
1214 975 1346 1055 quis
1405 984 1672 1039 vestrum
1717 979 2064 1042 temerarius
2109 998 2304 1061 usque
2349 980 2625 1047 adeo?“

742 1072 835 1155 X,
879 1075 999 1139 201
1052 1077 1301 1158 „Usque
1346 1078 1499 1142 adeo
1543 1082 1747 1171 gravis
1793 1126 1811 1146 .
1854 1127 1874 1147 .
1917 1082 1979 1148 .“
2025 1083 2104 1146 cf.
2150 1085 2213 1147 P.
2258 1084 2304 1163 1,
2350 1083 2454 1149 26.

743 1177 855 1254 lv,
889 1177 1015 1243 130
1057 1180 1472 1258 „Quidnam
1518 1185 1765 1268 igitur
1808 1188 2076 1252 censes?
2121 1188 2199 1254 cf.
2243 1190 2307 1253 P.
2353 1189 2399 1270 1,
2441 1190 2548 1254 98.

747 1281 861 1362 Vl,
907 1279 993 1346 65
1038 1317 1167 1365 ,,-
1212 1286 1554 1351 subitum
1618 1298 1695 1353 et
1747 1292 2238 1371 miserabile,
2301 1293 2585 1379 longum“
2640 1293 2718 1357 cf.
2778 1293 2841 1357 P.

1085 1387 1130 1467 1,
1174 1387 1214 1451 3
1256 1420 1333 1433 —
1369 1399 1586 1475 „turpe
1633 1401 1694 1457 et
1737 1394 1895 1459 mis.!
1923 1430 1999 1440 -
2026 1396 2225 1470 Quare
2243 1395 2303 1460 !“

742 1488 856 1569 vl,
907 1485 1028 1554 165
1074 1492 1215 1571 „Ra
1240 1512 1322 1556 ra
1391 1497 1568 1560 avis
1613 1498 1670 1560 in
1721 1501 1898 1563 terris
1932 1501 2227 1584 nigroque
2262 1502 2544 1566 simillima
2589 1499 2843 1585 cycno.“

750 1593 889 1674 Vn,
932 1594 1058 1659 202
1122 1596 1341 1675 „Felix
1384 1599 1484 1662 ille
1532 1608 1726 1665 lamen
1787 1622 1974 1667 corvo
2021 1623 2263 1686 quoque
2305 1607 2498 1670 rarior
2545 1605 2721 1671 albo“
2766 1605 2844 1668 cf.

1089 1700 1153 1764 P.
1199 1701 1259 1779 1,
1304 1702 1412 1766 46.

664 1788 672 1795 ⁶
747 1801 856 1881 vl,
905 1802 1049 1883 18,
1054 1837 1155 1881 ,—
1203 1815 1413 1887 aperio
1459 1809 1691 1874 viveret
1744 1808 1961 1875 horto“
2006 1812 2082 1877 cs.
2130 1814 2193 1877 P.
2240 1812 2309 1893 11,
2365 1817 2400 1876 7
2446 1821 2698 1895 „aperto
2746 1813 2841 1876 vi-

1085 1926 1230 1972 vere
1275 1908 1479 1974 volo.“

751 2007 857 2089 vi,
903 2007 1092 2089 251,
1100 2010 1253 2087 ,.Πι
1365 2055 1384 2077 .
1429 2020 1487 2076 et
1532 2022 1719 2079 totum
1764 2020 1954 2082 semel
2000 2021 2276 2101 expiet
2336 2040 2619 2103 annum,

883 2113 1205 2177 Hibernum
1254 2116 1436 2179 fracia
1482 2118 1676 2201 glacie
1724 2121 2050 2187 descendet
2092 2127 2149 2188 in
2196 2145 2448 2205 amnem,

880 2217 1033 2279 Ter
1077 2220 1348 2282 maluti
1372 2238 1465 2284 no
1512 2212 1711 2286 Tiberi
1742 2235 2052 2311 mergetur
2078 2273 2097 2292 .
2141 2274 2157 2293 .
2186 2229 2247 2297 .“
2287 2231 2365 2296 cf.
2400 2232 2463 2295 P.
2505 2231 2574 2311 ll,
2606 2231 2684 2295 15
2714 2249 2842 2311 sqq.

740 2318 846 2400 111,
891 2320 967 2383 81
1021 2355 1148 2400 „-
1197 2342 1290 2385 me
1336 2326 1503 2406 prior
1547 2327 1667 2406 ille,

878 2425 1306 2492 Advectos
1381 2430 1716 2496 Romam
1794 2453 1939 2516 quo
2014 2455 2269 2520 pruna
2345 2448 2432 2506 et
2507 2447 2844 2504 cottona

1089 2534 1374 2596 vento?
1421 2534 1498 2599 cf.
1544 2537 1601 2602 P.
1652 2538 1750 2619 v1,
1792 2539 1897 2605 39.

744 2632 837 2714 X,
881 2633 964 2697 53
1010 2636 1216 2722 „Ergo
1261 2657 1638 2721 supervacua
1681 2653 1784 2707 aut
1826 2647 2163 2727 perniciosa
2210 2656 2509 2729 peluntur,

886 2738 1137 2821 Propter
1196 2761 1349 2822 quae
1390 2743 1494 2809 ¹fas
1552 2755 1645 2809 est
1702 2767 1901 2831 genua
1961 2752 2228 2817 incerare
2294 2751 2600 2817 Deorum“
2662 2752 2736 2816 cf.
2783 2753 2845 2816 P.

1091 2843 1161 2921 11,
1209 2847 1313 2925 55,
1359 2866 1494 2929 sqq.

748 2939 836 3022 X,
885 2943 1000 3008 101
1053 2981 1174 3026 „—-
1227 2982 1306 2994 —-
1353 2970 1495 3015 vasa
1543 2955 1771 3019 minora

879 3048 1184 3135 Frangere
1232 3072 1534 3134 pannosus
1582 3062 1789 3122 vacuis
1833 3061 2037 3125 aedilis
2081 3063 2358 3129 Ulubris“
2404 3066 2479 3130 cs.
2530 3068 2588 3129 P.
2605 3065 2651 3144 1,
2705 3065 2844 3129 130.

749 3151 836 3231 X,
885 3152 1007 3216 167
1073 3155 1435 3238 ,,Πῑ,ρυθι·ἰε
1469 3158 1711 3240 placeas
1757 3171 1820 3228 et
1865 3164 2346 3233 decla-matio
2404 3170 2614 3236 fias.“
2662 3170 2738 3233 cf.
2784 3170 2847 3232 P.

1085 3257 1130 3336 1,
1176 3260 1260 3323 29
1305 3262 1496 3342 „Ten’
1541 3266 1894 3333 cirratorum
1940 3280 2177 3336 centum
2223 3274 2438 3338 dictata
2484 3275 2671 3339 fuisse

880 3361 994 3423 Pro
1042 3362 1223 3425 nihilo
1269 3366 1584 3447 pendas‘2“

744 3462 853 3542 v1,
899 3460 1025 3530 612
1068 3499 1192 3546 ,,-
1243 3469 1418 3543 Quod
1463 3470 1707 3557 desipis,
1750 3477 1922 3541 inde
1966 3488 2096 3545 est.
2144 3481 2219 3545 cf.
2267 3483 2329 3545 P.
2376 3484 2467 3562 V,
2515 3482 2636 3548 153

740 3565 895 3649 XlV,
945 3570 1067 3635 153
1111 3573 1520 3652 „Tunicam
1563 3581 1702 3643 mibi
1747 3583 1897 3646 malo
1945 3583 2165 3668 lupini“
2210 3586 2287 3650 cf.
2333 3587 2399 3651 P.
2443 3586 2567 3668 1v.,
2612 3583 2715 3651 30.

1327 3871 1642 3938 Satin-a¹
1669 3881 2090 3947 sec-unda.

739 4064 809 4136 V.
858 4076 914 4138 9.
946 4067 1054 4136 ‘Im
1074 4095 1128 4138 m
1147 4097 1183 4141 u
1201 4094 1303 4142 rm
1322 4096 1361 4144 u
1380 4100 1457 4147 ra
1482 4090 1540 4162 t,
1611 4085 1844 4167 optimis
1889 4088 2065 4156 codd.
2114 4093 2421 4178 probatum
2448 4146 2465 4176 ,
2525 4096 2736 4164 fortius
2784 4110 2845 4170 et

567 4180 918 4258 expressius
963 4179 1178 4246 dicium
1224 4194 1347 4268 est,
1394 4207 1500 4252 mu
1517 4207 1622 4252 rm
1648 4209 1734 4254 ur
1752 4199 1827 4255 at
1872 4193 2070 4260 Herm.
2092 4242 2111 4277 ‚
2173 4217 2350 4281 quum
2396 4203 2554 4267 intr
2572 4222 2609 4268 o
2634 4224 2667 4268 r
2684 4224 2769 4269 su
2788 4227 2842 4270 m
