3246 4959
1639 302 1738 379 26

723 494 996 570 Quantae
1038 492 1329 560 interdum
1389 495 1647 578 ineptiae
1690 494 1929 578 dialogo
1975 512 2094 558 non
2139 501 2304 558 recte
2347 492 2655 558 intellecto
2700 493 2830 558 ori-

550 607 743 681 antur,
790 601 883 664 hic
926 601 1094 663 locus
1141 599 1495 663 documento
1542 607 1657 679 est,
1702 601 1842 680 qui,
1888 601 1998 662 nisi
2029 599 2215 662 Persii
2247 600 2307 661 in
2356 597 2592 681 dialogo
2638 599 2827 663 licen-

555 705 710 784 tiam,
755 724 907 787 qua,
950 722 1133 785 quum
1178 703 1579 768 adversarium
1623 705 1788 787 loqui
1832 705 2156 782 existimeS‚
2200 704 2330 785 ipse
2373 703 2655 784 loquitur,
2698 702 2830 765 dili-

552 817 767 893 genter
811 809 1124 888 observes,
1167 827 1290 871 non
1335 809 1700 892 intelligitur.
1791 808 1968 883 Quod
2014 827 2205 890 nuper
2247 807 2534 871 Kisselius
2563 807 2634 883 θ)
2680 809 2827 871 satis

554 913 845 995 probasse
889 913 1026 977 mihi
1070 913 1337 992 videtur,
1382 913 1522 977 inde
1568 933 1603 977 a
1645 935 1700 977 v.
1746 915 1789 980 4
1832 914 2025 976 omnia
2072 912 2258 976 Persii
2304 919 2464 991 sunt,
2507 930 2688 994 quum
2730 914 2827 976 ni-

552 1016 632 1079 hil
676 1017 1022 1081 adversario
1085 1026 1221 1101 apte
1282 1018 1455 1081 tribui
1498 1017 1708 1100 possit.
1768 1016 2135 1099 interpretes
2181 1015 2312 1080 fere
2357 1035 2597 1096 omneS,
2656 1017 2826 1081 etiam

548 1121 824 1185 Jahnium
883 1130 948 1186 et
999 1124 1414 1201 Hermannum,
1456 1142 1551 1183 vv.
1597 1122 1727 1193 24,
1771 1120 1856 1186 25
1902 1121 2247 1186 adversario
2293 1119 2671 1200 attribuisse,
2729 1140 2826 1185 me

551 1227 651 1289 vix
696 1220 1029 1311 intelligere
1074 1227 1286 1291 fateor.
1375 1225 1583 1304 Quae,
1637 1228 1750 1290 nisi
1808 1227 1969 1289 illum
2014 1226 2125 1289 sibi
2170 1226 2283 1307 ipsi
2328 1226 2588 1289 irrisisse
2634 1233 2828 1305 putes,

550 1330 680 1394 fere
739 1332 940 1420 inepta
996 1339 1169 1410 sunt,
1229 1350 1339 1410 ea,
1382 1330 1431 1393 si
1477 1339 1653 1413 poeta
1698 1331 1995 1411 loquitur,
2040 1337 2255 1411 quanta
2320 1330 2505 1391 ironia
2568 1329 2828 1409 satirica,

550 1435 688 1499 loco
735 1436 986 1520 egregie
1031 1433 1509 1515 accommodata,
1557 1435 1899 1514 excellunt,
1940 1433 2098 1516 quod
2136 1435 2256 1517 jam
2295 1451 2545 1517 magnus
2593 1431 2826 1496 Casuu-

549 1540 744 1603 bonus
789 1540 1037 1622 simplici
1083 1540 1180 1602 ille
1226 1548 1286 1602 et
1330 1540 1695 1620 incorrupto,
1740 1557 1858 1620 quo
1903 1555 2139 1622 semper
2169 1539 2374 1616 utitur,
2409 1538 2631 1619 Judicio
2677 1557 2826 1618 per-

549 1645 765 1725 spexit.
826 1644 1039 1727 Neque
1083 1663 1183 1706 vv.
1228 1641 1477 1707 28-31
1529 1650 1698 1706 recte
1744 1643 2095 1713 adversario
2140 1642 2497 1720 tribuuntur,
2543 1643 2641 1722 qui
2686 1659 2827 1704 sana

551 1757 748 1812 mente
808 1750 888 1813 ita
936 1749 1097 1831 loqui
1153 1767 1273 1811 non
1321 1755 1589 1829 poterat3
1681 1748 1919 1811 Persius
1963 1765 2304 1812 sermonem
2349 1748 2427 1810 ita
2471 1745 2827 1809 informasse

552 1861 614 1917 et
689 1854 858 1935 quasi
913 1855 972 1916 iu
1039 1853 1223 1935 majus
1286 1852 1572 1917 extulisse
1635 1852 1908 1930 videtur,
1968 1859 2032 1915 ut
2074 1851 2260 1935 magis
2319 1858 2638 1933 appareret
2673 1849 2829 1913 illius

546 1958 789 2022 stultitia
834 1966 895 2022 et
940 1958 1195 2022 fatuitaS.
1243 1958 1444 2032 Quare
1488 1957 1648 2019 illum
1694 1976 1751 2020 v.
1798 1957 1883 2020 40
1927 1975 2061 2038 sqq.
2106 1975 2177 2020 se
2221 1956 2690 2037 interpellantem
2729 1953 2826 2017 sa·

547 2063 643 2141 cit,
687 2062 844 2144 quod
900 2063 1068 2125 nimis
1132 2063 1279 2125 risui
1337 2061 1644 2146 indulgeat
1691 2069 1752 2123 et
1793 2060 2031 2124 modum
2088 2060 2362 2124 excedat.
2450 2059 2824 2124 Heinrichius

544 2166 692 2231 inde
752 2187 786 2231 a
827 2186 884 2230 v.
924 2164 1005 2229 211
1063 2167 1257 2229 omnia
1307 2166 1576 2246 (praeter
1618 2184 1680 2227 ν.
1727 2162 1832 2243 26,
1880 2164 1997 2238 27)
2043 2165 2391 2228 adversario
2437 2165 2661 2240 tribuit,
2706 2179 2827 2243 quo

543 2272 734 2334 omnis
779 2272 994 2335 satirae
1039 2273 1214 2354 vigor
1256 2269 1613 2353 infringitur,
1659 2270 1846 2331 omnis
1890 2270 2197 2333 evanescit
2237 2270 2537 2333 sermonis
2583 2258 2823 2331 festivi-

545 2384 750 2439 tas.—
776 2375 870 2440 Ad
912 2395 973 2441 v.
1019 2375 1104 2440 35
1148 2376 1510 2455 interpretes
1554 2392 1795 2437 versum
1839 2373 2043 2437 Lucilii
2091 2373 2211 2459 frg.
2254 2371 2445 2451 XXX,
2477 2372 2562 2436 68
2607 2370 2827 2434 afferre

545 2489 820 2563 poterant
837 2504 854 2549 z

1065 2598 1433 2683 „Supplan‘tare
1469 2599 1628 2661 aiunt,

1070 2684 1252 2739 Graeci
1295 2666 1735 2750 υποσκελίζειν
1799 2685 2023 2741 dicunt.“
2066 2714 2122 2725 -

714 2814 794 2908 VV.
840 2812 923 2878 36
968 2829 1102 2894 sqq.
1150 2811 1365 2874 Verbis
1411 2812 1736 2892 praeclaris
1786 2818 1845 2873 et
1889 2828 2038 2874 vere
2084 2810 2372 2892 poeticist

1060 2986 1095 3013 ‚‚
1137 2978 1192 2988 —
1233 2964 1368 3000 nunc
1404 2964 1505 2999 non
1541 2964 1572 3000 e
1608 2948 1834 3001 manibus
1872 2948 1987 3011 illis,

1059 3037 1203 3089 Nunc
1239 3052 1340 3088 non
1379 3051 1409 3087 e
1444 3034 1635 3088 tumulo
1675 3036 2026 3103 fortunataque
2062 3029 2235 3086 favilla

1067 3123 1347 3176 Nascentur
1383 3123 1553 3175 violae
1571 3119 1635 3176 3⁶⁶

541 3249 644 3313 illa
688 3247 1110 3330 Shakespearii
1173 3248 1357 3311 verba
1403 3246 1727 3325 (Hamlet)‚
1772 3246 1901 3329 ipsa
1953 3246 2122 3328 quasi
2181 3244 2428 3308 floribus
2485 3242 2831 3327 fragrantna,

541 3353 745 3417 similia
792 3361 968 3420 sunta

1059 3471 1198 3539 „Lay
1234 3470 1322 3523 her
1358 3471 1475 3524 i‘the
1511 3471 1656 3523 earth

1058 3559 1169 3611 And
1207 3559 1335 3611 from
1371 3556 1462 3610 her
1498 3558 1594 3610 fair
1634 3556 1732 3609 and
1769 3555 2061 3625 unpolluted
2096 3553 2218 3607 flesh

1064 3646 1176 3713 May
1211 3645 1396 3699 violets
1433 3645 1660 3715 spring.“

713 3773 933 3837 Eadem
980 3772 1270 3835 suavitate
1316 3773 1547 3853 poetica
1592 3776 1701 3835 sat.
1745 3768 1815 3832 11.
1867 3789 1923 3833 v.
1971 3766 2077 3847 38,
2121 3766 2222 3831 ubi
2244 3766 2445 3830 nutrix
2490 3781 2602 3845 pro
2632 3778 2824 3844 puero

547 3887 686 3941 vota
733 3878 890 3956 facit,
936 3876 1206 3941 excellitt

1060 4050 1096 4078 ,,
1136 4042 1191 4052 --
1235 4010 1475 4083 quidquid
1509 4009 1786 4064 calcaverit
1820 4010 1922 4075 hic,
1960 4023 2077 4060 rosa
2113 4005 2257 4062 liat.“
2302 4033 2357 4044 —

681 4258 734 4323 'J
771 4259 989 4329 Specim.
1023 4259 1128 4312 crit.
1176 4295 1189 4312 .
1217 4294 1232 4312 .
1271 4290 1287 4309 .
1327 4293 1342 4311 .
1377 4270 1489 4308 cum
1528 4253 1814 4311 animadvv.
1850 4254 1901 4306 in
1922 4260 2018 4308 sat.
2052 4249 2092 4310 1.
2126 4247 2601 4303 Zalt-Boemeliae
2641 4244 2801 4309 1848)
