3246 4959
1639 297 1740 370 42

552 483 775 546 brica
824 482 997 564 Coa,
1034 485 1167 548 vina
1213 486 1291 549 ex
1322 483 1410 550 Co
1454 484 1684 563 insula3
1727 486 2056 565 lubrica,
2099 485 2157 550 id
2184 495 2279 552 est
2320 488 2498 570 latia,
2539 498 2638 555 aut
2676 498 2833 571 quae

540 596 815 651 ventrem
863 589 1135 653 solvant“
1183 590 1442 672 probare
1470 610 1589 654 uon
1623 592 1932 659 dubitavit.
1978 593 2127 656 Tum
2151 592 2377 659 lubrica
2407 596 2546 658 vina
2590 595 2833 676 optime,

547 700 749 756 vestes
795 693 1063 756 lubricae
1110 712 1229 757 non
1274 703 1416 778 apte
1461 697 1855 779 appellantur.
1911 697 2202 779 Denique,
2246 698 2409 780 quod
2454 698 2692 781 quidem
2734 698 2831 762 le-

553 797 686 860 vius
766 797 943 863 fuerit
1019 808 1454 882 argumentum,
1521 809 1917 864 mercatorem
1988 820 2144 865 nave
2200 803 2496 883 piscibuS,
2552 811 2830 866 castoreo

546 902 818 983 stuppis,
866 903 1099 982 ebeno,
1165 912 1298 968 ture
1342 906 1573 987 repleta
1621 903 1780 970 Coas
1847 905 2019 969 simul
2073 914 2278 970 vestes
2333 907 2550 971 advehi
2607 909 2826 988 permi-

546 1025 674 1069 rum
722 1006 971 1070 videtur.

715 1111 788 1174 V.
836 1110 981 1174 139.
1029 1111 1236 1191 OrelL,
1282 1113 1507 1192 Heiur„
1549 1113 1743 1193 Jahn„
1787 1114 1989 1179 Herm.
2023 1113 2438 1178 Casaubonum
2470 1115 2661 1179 secuti
2689 1133 2828 1179 num

546 1233 892 1300 perages
927 1235 1005 1278 ex
1037 1215 1268 1280 Graeco
1314 1208 1579 1303 διάγειν,
1618 1238 1729 1298 pro
1768 1220 1982 1283 usitato
2018 1217 2082 1283 δ.
2124 1205 2232 1282 τὸν
2272 1205 2433 1301 βίον,
2459 1220 2632 1282 vitain
2678 1237 2830 1302 per-

551 1339 774 1404 agere,
832 1322 1043 1385 vivere
1102 1331 1269 1387 recte
1313 1324 1684 1403 interpretati
1749 1325 1904 1404 sint,
1964 1323 2138 1387 valde
2184 1323 2426 1387 dubium
2472 1331 2599 1403 est,
2644 1342 2828 1404 quum

549 1425 666 1487 hoc
721 1425 884 1488 nullo
947 1426 1224 1507 exemplo
1286 1426 1522 1507 probari
1584 1429 1803 1507 possit,
1870 1435 2037 1491 certe
2096 1427 2482 1506 scholiastae,
2544 1428 2646 1509 qui
2705 1446 2828 1491 nou

549 1529 755 1608 verba,
800 1530 908 1594 sed
958 1532 1304 1593 sententiam
1352 1530 1690 1614 explicavit,
1736 1533 1936 1597 verbis
1980 1550 2257 1614 „pauper
2296 1549 2549 1594 necesse
2592 1540 2687 1596 est
2727 1527 2827 1594 vi-

554 1632 708 1696 vas“
754 1636 987 1698 minime
1048 1635 1423 1698 defendatur.
1517 1637 1868 1716 Paupertate
1911 1637 2013 1700 vel
2072 1635 2448 1700 mendicitate
2507 1643 2827 1699 contentus

508 1757 728 1802 -nemo
773 1739 885 1801 dici
932 1748 1164 1821 potest,
1209 1758 1397 1821 quare
1454 1759 1807 1825 perages
1863 1761 1994 1804 cum
2053 1741 2336 1804 infinitivo
2405 1741 2827 1805 terebrare

545 1845 933 1928 conjungatur
979 1854 1042 1908 et
1084 1854 1505 1909 contentus
1553 1866 1665 1928 per
1697 1864 1768 1911 se
1793 1846 2162 1931 intelligatur
2192 1863 2447 1908 necesse
2493 1854 2621 1910 estz
2666 1863 2825 1928 pau-

546 1957 853 2028 pertatem,
899 1967 1077 2030 quam
1124 1948 1369 2013 ridicula
1400 1950 1693 2031 probitate
1736 1959 1836 2014 tua
1884 1952 2013 2033 ipse
2044 1951 2331 2029 meruisti,
2375 1950 2669 2031 patienter
2711 1967 2826 2012 ne-

545 2069 723 2116 cesse
766 2060 857 2116 est
901 2053 1082 2117 ieras.
1162 2053 1290 2116 Jam
1335 2072 1486 2117 vero
1532 2055 1723 2118 omnis
1791 2055 2076 2119 dubitatio
2136 2073 2193 2116 v.
2245 2052 2398 2132 150,
2443 2054 2542 2116 ubi
2604 2071 2828 2135 pera-

545 2164 726 2240 gant
759 2158 1085 2220 certissime
1116 2176 1224 2238 pro
1251 2165 1500 2242 pergant
1521 2160 1777 2239 positum
1808 2166 1919 2236 est,
1944 2157 2180 2221 tollitur.
2208 2157 2385 2232 Quod
2417 2177 2595 2239 quum
2626 2158 2825 2221 Herm.

545 2261 914 2340 persuadere
944 2262 1055 2325 sibi
1099 2279 1218 2325 uon
1244 2272 1473 2344 posset,
1502 2263 1814 2326 manifesto
1859 2261 2078 2326 librarii
2123 2263 2337 2325 mendo
2368 2261 2666 2326 sudore
2715 2279 2825 2323 re·

546 2373 723 2447 cepto
741 2384 1060 2449 peragere,
1075 2376 1138 2431 ut
1155 2366 1250 2446 Vl,
1265 2368 1349 2431 22
1369 2369 1564 2447 „bona
1584 2368 1764 2431 dente
1785 2366 2149 2450 peragere“,
2164 2386 2541 2445 consumere,
2556 2373 2825 2429 nostrum

542 2469 1073 2555 „durchbringeu“
1103 2492 1242 2537 esse
1281 2474 1506 2537 statuit.
1553 2472 1726 2547 Quae
1761 2473 2051 2536 sententia
2097 2471 2191 2543 (L.
2240 2472 2299 2535 P.
2332 2470 2399 2550 11,
2429 2472 2510 2535 57
2557 2475 2677 2552 sq.)
2700 2470 2825 2553 jam

541 2575 892 2639 scholiastae
909 2577 1112 2640 verbis
1137 2577 1535 2659 „utpecuuia,
1567 2595 1720 2657 quae
1738 2578 1839 2640 tibi
1872 2578 2238 2658 quincunces
2269 2574 2612 2637 verecunde
2637 2591 2826 2655 prae-

545 2680 706 2758 stitit,
753 2699 909 2744 cum
958 2681 1335 2761 periculo
1385 2681 1653 2745 deunces
1699 2678 2108 2762 praestet“
2145 2680 2289 2742 satis
2331 2679 2606 2756 refutata,
2651 2695 2825 2758 quam

540 2785 740 2866 inepta
800 2793 860 2849 et
923 2786 1157 2850 infirma
1219 2787 1313 2865 sit,
1360 2785 1618 2849 Teuffel.
1676 2786 1842 2862 (Jen.
1901 2785 2141 2867 Littztg.
2203 2782 2367 2847 1845
2427 2802 2483 2865 p.
2549 2778 2707 2855 779)
2763 2789 2827 2846 et

542 2887 709 2952 Jahn.
775 2890 1022 2958 (Ztschr.
1081 2889 1121 2952 f.
1183 2889 1399 2954 Althw.
1452 2888 1613 2953 1843
1677 2908 1733 2970 p.
1784 2887 1980 2965 1110)
2040 2890 2263 2970 optime
2324 2887 2825 2951 demonstrarunt.

546 2992 681 3065 Quo
729 2995 913 3077 magis
956 2993 1227 3057 Jahnium
1294 2996 1487 3076 ipsum
1533 3013 1693 3056 nuuc
1736 2994 1890 3057 illam
1935 2995 2246 3074 recepisse
2307 2994 2507 3056 miror.
2563 2989 2825 3055 Naturali

545 3106 606 3161 et
648 3100 955 3180 principali
1002 3119 1056 3162 v.
1103 3117 1405 3182 peragere
1444 3098 1886 3182 significatione
1903 3098 2107 3162 relicta
2140 3097 2310 3161 aliam
2354 3114 2412 3160 v.
2462 3095 2609 3173 139,
2653 3094 2824 3157 aliam

538 3203 636 3265 hic
678 3203 758 3265 illi
819 3204 937 3266 vim
981 3204 1277 3285 subjicere
1334 3204 1468 3266 mihi
1532 3203 1741 3266 durius
1805 3201 2064 3265 videtur.
2126 3202 2244 3278 At,
2307 3200 2489 3264 Persii
2535 3198 2825 3261 sermonis

539 3308 633 3370 vel
679 3308 1093 3371 obscuritatem
1139 3309 1235 3371 vel
1279 3309 1634 3393 rigiditatem
1676 3326 1960 3392 egressa,
2018 3306 2267 3389 intelligi
2323 3305 2455 3368 fere
2502 3309 2826 3383 nequeunt,

540 3431 695 3493 quae
741 3413 940 3477 Herm.
987 3413 1360 3477 scholiastam
1411 3431 1621 3494 presse
1680 3419 1922 3476 secutus
1969 3411 2314 3491 (pecuniam
2363 3408 2444 3482 (l)
2498 3439 2571 3450 —
2620 3425 2823 3469 num-

542 3535 722 3596 mos,
767 3536 899 3579 cum
945 3516 1216 3599 periculo
1246 3549 1322 3560 -
1359 3516 1689 3589 sudore)
1736 3515 2066 3578 sententiae
2113 3513 2380 3576 tenacior
2426 3530 2582 3584 nunc
2625 3511 2825 3591 scrip-

539 3621 632 3684 sit.
679 3621 768 3683 De
814 3629 1065 3702 quaestu
1112 3621 1325 3682 fenore
1370 3619 1651 3683 faciendo
1723 3619 1960 3680 omnino
2007 3635 2124 3680 non
2171 3618 2396 3701 agitur3
2459 3634 2578 3677 nou
2621 3614 2823 3678 fortu-

542 3743 752 3789 narum
804 3725 1006 3788 ruinas
1052 3725 1314 3787 Luxuria
1376 3723 1553 3786 avido
1601 3724 1919 3786 mercatori
1976 3724 2226 3785 minatur
2284 3723 2464 3802 (quae
2508 3718 2822 3783 Hermanui

543 3832 842 3896 sententia
888 3831 987 3893 illo
1037 3830 1219 3911 „quid
1283 3827 1542 3911 petis“
1591 3828 1888 3903 diluitur),
1934 3828 2081 3905 sed,
2149 3844 2267 3906 quo
2326 3823 2689 3887 desidiosum
2749 3840 2823 3885 ao

543 3939 779 4021 pigrum
827 3934 1086 3998 maxime
1132 3942 1503 4010 commovet,
1550 3951 1785 3995 omnem
1831 3933 1988 3994 vitae
2048 3930 2311 3994 laetioris
2358 3946 2524 4008 spem
2569 3925 2650 3987 illi
2697 3925 2824 3988 eri-

544 4044 651 4124 pit,
695 4042 747 4106 si
793 4058 1130 4119 „nummum
1193 4035 1515 4120 asperum“
1573 4044 1836 4100 sectatus
1899 4037 2090 4099 omnia
2136 4034 2314 4097 maris
2372 4040 2553 4111 atque
2598 4030 2822 4092 viarum

544 4144 916 4210 incommoda
962 4147 1052 4217 (v.
1099 4138 1435 4218 146-49)
1476 4142 1780 4223 suscipiat.
1830 4173 1906 4183 —
1952 4140 2023 4203 V.
2071 4138 2216 4203 158.
2264 4135 2711 4219 Compellatum,
2754 4150 2823 4196 se

541 4250 775 4316 vincula
817 4248 1079 4331 rupisse,
1122 4248 1314 4329 ipsum
1350 4246 1552 4310 dicere
1598 4262 1802 4327 parum
1830 4252 2028 4327 aptum
2056 4242 2194 4307 mibi
2216 4240 2478 4321 videtur,
2516 4256 2820 4322 quaprop-
