3246 4959
531 444 698 501 tores
743 435 882 499 vitia
926 433 1218 517 quaedam
1263 431 1365 497 vel
1410 433 1622 498 delicta
1663 431 2032 515 singulorum
2061 429 2444 495 acerbissime
2487 430 2819 515 exagitant3

529 540 645 605 sed
689 552 844 622 quos
904 546 1116 622 petunt
1174 537 1421 601 laedere
1478 537 1722 617 volunt,
1783 554 1906 600 non
1966 554 2165 600 mores
2222 536 2457 599 illorum
2503 544 2819 619 corruptos

532 643 870 708 emendare.
932 644 1121 708 Tanto
1180 641 1260 704 illi
1318 641 1548 720 studi0‚
1611 643 1734 720 ira,
1790 642 1957 705 rabie
2015 642 2073 704 in
2132 648 2334 705 certos
2393 640 2663 704 homines
2705 640 2820 703 sibi

532 748 803 811 inimicos
848 747 1238 825 invehuntur,
1293 753 1358 809 ut
1405 746 1546 828 Jure
1604 747 1716 809 viri
1772 745 1928 809 docti
1973 745 2403 822 dubitaverint,
2460 762 2599 808 num
2643 744 2818 808 iambi

534 854 685 915 inter
744 858 1018 933 poemata
1075 850 1296 914 referri
1353 852 1601 933 possint.
1695 850 1966 925 Quorum
2021 856 2268 930 natura,
2323 848 2543 912 Horatii
2609 845 2817 928 epodis

533 956 750 1040 optime
796 973 1121 1038 expressa,
1180 962 1555 1037 quantopere
1601 974 1634 1017 a
1679 955 1876 1018 satiris
1924 953 2162 1018 diversa
2209 954 2321 1030 sit,
2382 952 2556 1015 etiam
2598 969 2821 1014 nume-

535 1076 742 1126 rorum
802 1059 1151 1122 diversitate
1211 1059 1612 1141 cognoscitur.
1713 1059 2163 1142 Epigrammatis
2224 1074 2462 1139 quoque
2522 1053 2820 1118 nonnullis

536 1165 673 1229 vitia
719 1163 1089 1246 singulorum
1134 1161 1448 1226 mediocria
1495 1163 1596 1227 vel
1641 1153 1884 1227 errores
1927 1163 2192 1227 leviores
2235 1162 2441 1244 paucis
2477 1160 2679 1223 verbis
2713 1157 2822 1223 sed

538 1270 654 1334 illis
700 1268 1023 1350 pei-facetis
1079 1284 1149 1329 ac
1196 1266 1500 1332 dicacibus
1559 1269 1635 1331 ita
1680 1267 2135 1346 describuntur,
2192 1275 2257 1331 ut
2297 1268 2453 1331 risus
2496 1265 2822 1348 legentium

538 1379 864 1438 moveatur.
910 1371 1098 1436 Satira
1148 1372 1452 1434 »sermoni
1498 1372 1786 1453 propior«
1835 1390 1954 1434 non
1999 1371 2271 1456 singulos
2315 1370 2485 1453 petit,
2529 1368 2642 1433 sed
2680 1368 2821 1432 vitia

545 1475 897 1541 describens
943 1476 1199 1538 omnium
1244 1476 1528 1538 rationem
1575 1474 1775 1553 habet,
1818 1475 1894 1538 ad
1939 1494 2112 1557 quam
2151 1474 2461 1538 comoedia
2491 1474 2821 1537 Atticorum

542 1598 698 1663 quae
758 1579 969 1643 dicitur
1024 1581 1262 1660 antiqua
1299 1580 1423 1660 jam
1470 1579 1717 1666 propius
1763 1581 2053 1668 accessit3
2110 1580 2174 1645 in
2228 1579 2341 1642 illis
2397 1578 2631 1642 fabulae
2677 1595 2823 1658 par-

539 1685 734 1764 tibus,
804 1683 902 1747 ubi
964 1690 1138 1763 poeta
1199 1683 1526 1767 choragum
1589 1682 1662 1746 ad
1710 1685 1993 1765 populum
2052 1685 2391 1765 loquentem
2434 1681 2615 1758 fecit,
2674 1679 2823 1742 fines

541 1807 686 1854 suos
731 1795 1108 1870 transgressa
1154 1787 1339 1869 ipsius
1382 1789 1601 1852 satirae
1649 1787 1766 1849 vim
1809 1787 2075 1851 obtinuit.
2124 1786 2505 1868 Quapropter
2548 1784 2825 1848 Horatius

541 1892 828 1957 Lucilium
874 1907 1105 1953 omnem
1152 1909 1233 1953 ex
1277 1890 1607 1973 Eupolide,
1654 1890 1926 1970 Cratino,
1971 1890 2372 1972 Aristophane
2415 1889 2683 1973 pendere
2728 1888 2827 1952 di-

538 1999 647 2076 xit,
692 2014 864 2077 quam
912 1995 1255 2057 sententiam
1313 1996 1677 2077 grammatici
1720 1996 1849 2059 fere
1892 2014 2100 2060 omnes
2168 1996 2497 2079 probarunt
2540 1994 2649 2067 (cf.
2691 1991 2825 2057 lsid.

540 2101 754 2184 Origg.
797 2097 942 2162 Vlll.
993 2101 1052 2176 7,
1101 2101 1197 2172 7).
1257 2098 1331 2161 Et
1371 2117 1441 2162 re
1486 2118 1664 2179 vera,
1724 2102 1776 2164 si
1819 2105 2034 2165 satirae
2075 2101 2376 2164 Romanae
2421 2107 2682 2163 naturam
2728 2096 2828 2160 fa-

542 2204 718 2269 bulae
794 2201 1043 2266 similem
1110 2210 1489 2284 spectamus,
1562 2205 1660 2267 illa
1720 2205 2026 2269 Diomedis
2099 2205 2462 2289 grammatici
2535 2203 2827 2268 sententia

542 2309 720 2392 plane
787 2307 1220 2371 contemnenda
1285 2326 1403 2370 non
1461 2309 1725 2376 videtur:
1803 2311 2020 2373 »satira
2094 2309 2304 2372 dicitur
2367 2325 2610 2372 carmen
2671 2305 2828 2387 apud

544 2413 880 2492 Romanos,
953 2429 1113 2475 nunc
1172 2411 1412 2493 quidem
1479 2414 1820 2477 maledicum
1893 2421 1956 2477 et
2017 2413 2094 2477 ad
2167 2412 2469 2496 carpenda
2534 2411 2827 2475 hominum

545 2520 685 2583 vitia
730 2518 1023 2582 archaeae
1068 2517 1416 2582 comoediae
1462 2518 1805 2583 charactere
1851 2520 2277 2602 compositum,
2335 2517 2513 2599 quale
2558 2517 2828 2599 scripse-

547 2629 687 2686 runt
730 2622 1028 2701 Lucilius,
1070 2622 1382 2697 Horatius,
1428 2622 1727 2687 Persius.“

718 2725 972 2788 Lucilius
1032 2732 1237 2804 certe,
1298 2726 1397 2807 qui
1454 2726 1681 2808 primus
1738 2727 1892 2788 inter
1936 2727 2235 2790 Romanos
2296 2726 2509 2789 satiras
2568 2723 2830 2806 scripsit,

547 2831 823 2912 antiquae
868 2830 1194 2893 Atticorum
1239 2829 1587 2893 comoediae
1634 2830 1992 2911 scriptoreS,
2037 2829 2304 2894 moribus
2350 2828 2711 2892 Graecorum
2756 2826 2832 2889 ad

548 2937 728 2999 vitam
790 2942 851 2997 et
908 2935 1170 2998 instituta
1230 2935 1627 2997 Romanorum
1682 2934 2013 3013 translatis,
2070 2934 2384 2998 imitandos
2444 2932 2556 2996 sibi
2601 2948 2833 3014 propo-

546 3040 683 3104 suit.
760 3038 835 3102 Ut
889 3038 1063 3101 Attici
1123 3037 1202 3101 illi
1264 3046 1516 3120 poetae,
1575 3039 1861 3119 imprimis
1919 3037 2386 3120 Aristophanes,
2445 3034 2835 3113 comoediam,

550 3144 630 3207 ita
679 3142 940 3207 Lucilius
987 3144 1221 3205 satiram
1280 3149 1465 3205 totam
1510 3141 1587 3204 ad
1629 3160 1757 3205 rem
1801 3143 2091 3223 publicam
2135 3142 2371 3220 retulit,
2439 3142 2540 3222 qui
2604 3139 2834 3202 delectu

554 3247 713 3310 omni
770 3253 830 3308 et
873 3246 1209 3309 discrimine
1254 3247 1478 3309 omisso
1543 3247 1879 3329 »primores
1926 3248 2126 3330 populi
2186 3245 2595 3329 populumque
2640 3244 2835 3308 tribu-

555 3352 653 3414 tim
700 3351 982 3432 arripuit«
1033 3358 1095 3415 et
1138 3350 1425 3432 quidquid
1480 3352 1576 3415 vel
1622 3352 1681 3414 in
1725 3369 1793 3415 re
1836 3351 2068 3435 publica
2112 3351 2211 3414 vel
2269 3352 2328 3413 in
2370 3351 2671 3414 hominum
2715 3348 2835 3410 vita

554 3475 627 3520 ac
671 3456 937 3519 moribus
999 3462 1342 3535 corruptum
1400 3462 1461 3518 et
1509 3455 1892 3537 depravatum
1947 3454 2375 3537 deprehendit,
2438 3454 2659 3517 »multa
2704 3470 2836 3515 cum

550 3560 821 3623 libertate
866 3559 1154 3622 notavit«
1221 3558 1372 3621 Mala
1420 3577 1491 3621 ac
1545 3560 1683 3622 vitia
1728 3561 1817 3621 rei
1861 3559 2169 3641 publicae,
2232 3577 2382 3640 quae
2418 3560 2538 3641 jam
2594 3557 2836 3621 uberri-

554 3681 704 3727 mam
751 3663 974 3726 satirae
1021 3663 1324 3726 materiam
1371 3662 1851 3742 suppeditabant,
1893 3661 2126 3726 fortiter
2172 3662 2496 3726 denudavit
2538 3670 2600 3726 et
2643 3678 2834 3743 quos-

558 3785 795 3848 cunque
856 3767 1012 3829 illam
1077 3784 1467 3845 corrumpere
1524 3766 1797 3845 videbat,
1866 3766 2089 3830 acerbe
2147 3768 2480 3850 castigavit.
2542 3766 2743 3828 Mores
2801 3782 2835 3825 a

558 3870 866 3947 vitiorum,
938 3889 1092 3951 quae
1150 3889 1231 3935 ex
1293 3870 1539 3933 Graecia
1599 3879 1661 3934 et
1719 3873 1857 3935 Asia
1930 3872 1988 3934 in
2049 3889 2179 3933 rem
2238 3871 2524 3954 publicam
2588 3867 2837 3932 advecta

562 3982 767 4053 erant,
813 3976 1170 4059 contagione
1214 3976 1481 4059 integros
1529 3995 1775 4040 servare
1821 3982 1881 4039 et
1927 3974 2218 4056 exemplis
2277 3973 2652 4056 pristinarum
2707 3974 2838 4034 vir-

562 4087 747 4143 tutum
804 4081 1057 4143 omnium
1117 4087 1254 4143 ante
1313 4080 1524 4144 oculos
1586 4080 1881 4162 ponendis
1944 4079 2017 4142 ad
2071 4079 2359 4161 majorum
2414 4077 2837 4159 simplicitatem

560 4199 853 4248 revocare
908 4182 1147 4248 studuit.
1233 4182 1378 4247 Erat
1441 4185 1502 4247 in
1574 4184 1677 4247 illo
1736 4184 1969 4264 antiqua
2037 4189 2100 4246 et
2164 4180 2477 4246 vernacula
2546 4180 2838 4245 sermonis
