3246 4959
1516 251 1563 327 't

397 446 690 514 festivitas
706 493 725 526 ,
786 445 974 510 virtus
1020 442 1192 508 fortis
1235 459 1307 506 ac
1349 440 1643 521 mascula,
1684 459 1912 506 summa
1960 440 2220 523 denique
2266 438 2687 523 indignationis

398 554 523 630 vis,
582 569 696 632 qua
752 550 965 614 satiras
1026 567 1106 612 ex
1147 547 1349 609 intimo
1393 548 1590 611 animo
1637 547 1971 628 expressit,
2029 563 2148 609 non
2207 553 2340 611 arte
2386 551 2444 608 et
2488 542 2685 608 studio

399 655 671 720 confecit.
732 655 935 729 Quare
995 652 1231 715 minime
1278 652 1486 715 mirum
1532 650 1798 729 videtur,
1857 650 2191 723 Quintiliani
2251 649 2446 713 adhuc
2487 654 2685 712 aetate

398 760 607 838 fuisse,
652 760 751 841 qui
796 776 934 823 eum
979 774 1099 821 non
1144 762 1362 821 tantum
1408 755 1672 835 Horatio,
1717 753 1828 819 sed
1873 754 2145 817 omnibus
2189 753 2434 834 reliquis
2480 752 2676 834 poetis

399 871 774 947 anteponere
820 881 937 926 non
982 860 1340 925 dubitarent.

569 967 845 1033 Horatius
899 965 1104 1030 Lucilii
1166 965 1389 1028 satirae
1448 981 1599 1026 vere
1661 963 1961 1027 Romanae
2024 963 2138 1028 vim
2203 981 2274 1024 ac
2331 962 2681 1045 gravitatem

399 1072 645 1157 agnovit
690 1078 752 1135 et
794 1069 1068 1152 probavit
1111 1068 1222 1141 (cf.
1268 1076 1384 1132 sat.
1429 1067 1474 1147 1,
1523 1067 1628 1148 10,
1670 1065 1755 1130 48
1770 1089 1788 1145 3
1831 1066 1903 1145 ll,
1951 1068 2010 1145 1,
2054 1067 2158 1131 29.
2209 1066 2348 1145 75),
2408 1065 2518 1129 sed
2549 1083 2680 1130 rem

397 1175 691 1258 publicam
752 1172 1076 1255 scriptores
1142 1172 1297 1236 illius
1344 1174 1589 1250 aetatiS,
1647 1189 1683 1233 a
1729 1189 1875 1253 qua,
1935 1170 2202 1236 libertate
2240 1173 2359 1255 jam
2425 1170 2680 1249 sublata,

397 1278 570 1342 alieni
629 1286 834 1359 erant,
901 1294 1022 1341 non
1084 1276 1434 1360 tetigerunt,
1505 1276 1695 1356 quare
1755 1291 1934 1355 quum
1996 1282 2058 1339 et
2115 1275 2246 1357 ipse
2306 1274 2680 1357 philosophia

399 1384 723 1466 studiisque
782 1384 1132 1465 optimarum
1190 1380 1397 1442 artium
1452 1379 1718 1442 eruditus
1776 1386 1838 1442 et
1880 1398 2013 1442 cum
2058 1380 2202 1442 viris
2255 1377 2480 1442 liberali
2526 1379 2678 1443 doc·-

399 1487 547 1549 trina
594 1484 789 1569 politis
847 1503 1072 1550 summa
1130 1483 1520 1548 familiaritate
1567 1483 1916 1565 conjunctus
1962 1491 2157 1563 esset,
2213 1485 2448 1548 satiram
2495 1503 2529 1546 a
2570 1502 2678 1549 re-

400 1591 514 1654 bus
559 1590 803 1673 publicis
847 1589 923 1653 ad
966 1590 1145 1652 vitam
1189 1587 1474 1669 privatam
1519 1594 1581 1650 et
1623 1586 1826 1651 literas
1871 1588 2181 1651 convertit.
2256 1587 2319 1649 ln
2363 1588 2454 1653 his
2506 1606 2680 1652 omne

403 1694 658 1760 studium
701 1695 901 1777 posuit
944 1700 1003 1756 et
1046 1711 1191 1773 prae
1236 1691 1457 1754 ceteris
1501 1692 1561 1753 in
1605 1690 1818 1754 horum
1863 1699 2077 1755 statum
2108 1690 2228 1768 ,iam
2274 1694 2483 1757 ruinae
2527 1713 2676 1777 pro·

402 1817 576 1877 num,
631 1799 687 1862 in
749 1799 966 1861 misera
1010 1795 1205 1860 studia
1251 1802 1595 1876 poetarum,
1657 1795 1758 1875 qui
1817 1797 1897 1859 nil
1956 1796 2065 1858 nisi
2110 1797 2339 1860 inanem
2385 1806 2444 1861 et
2486 1799 2679 1862 ambi-

400 1905 612 1966 tiosam
660 1903 804 1966 artis
860 1901 1312 1964 ostentationem
1359 1898 1763 1980 quaerebant,
1826 1918 1961 1961 cum
2007 1918 2226 1963 summa
2270 1902 2677 1986 indignatione

402 2008 672 2070 invectus
733 2013 845 2069 est.
906 2007 1069 2068 Haec
1111 2005 1423 2069 satirarum
1468 2002 1693 2067 Horatii
1739 2005 1969 2083 anima,
2025 2004 2153 2081 vis,
2199 2006 2365 2068 nervi
2378 2026 2396 2082 ;
2457 2023 2578 2069 non
2621 2008 2681 2070 in

404 2129 482 2175 eo
525 2119 841 2189 versatur,
891 2116 956 2173 ut
1001 2126 1198 2173 mores
1242 2115 1563 2188 corruptos
1610 2107 1796 2170 malos
1858 2106 2353 2188 reprehendendo
2396 2112 2682 2195 corrigat,

401 2215 509 2280 sed
554 2233 732 2280 unum
781 2215 1105 2279 alterumve
1149 2214 1348 2276 vitium
1393 2212 1489 2275 vel
1536 2213 1732 2292 potius
1788 2229 2051 2276 errorem
2097 2211 2293 2293 lepide
2343 2212 2578 2277 deridet
2621 2223 2683 2279 et

404 2338 576 2403 quam
635 2323 822 2385 satira
880 2319 1073 2400 poscit
1124 2317 1585 2402 indignationem
1647 2317 1987 2398 seriumque
2043 2318 2214 2380 animi
2271 2317 2527 2382 habitum
2571 2338 2683 2385 ur-

404 2426 557 2490 bana
600 2423 855 2507 quadam
898 2423 1185 2488 hilaritate
1232 2423 1492 2486 mutavit.
1538 2421 1722 2485 Multo
1769 2421 1954 2505 major
1984 2421 2201 2485 satirae
2244 2422 2318 2486 ad
2361 2441 2486 2487 rem
2522 2424 2682 2507 puh-

405 2529 572 2593 licam
617 2530 844 2594 relatae
891 2530 980 2593 vis
1027 2531 1084 2591 in
1128 2528 1482 2591 carminibus
1526 2525 1873 2609 quibusdam
1920 2527 2182 2591 cernitur
2226 2525 2305 2606 (1,
2344 2527 2415 2606 23
2460 2526 2530 2610 ll,
2566 2529 2675 2606 153

403 2624 499 2714 111,
546 2631 743 2711 1--33
788 2634 863 2710 53
908 2634 979 2711 63
1025 2632 1202 2714 epod.
1254 2635 1312 2709 7,
1357 2631 1495 2705 16).
1554 2631 1906 2694 Rectissime
1952 2630 2200 2695 Rothius
2247 2632 2413 2704 (nDe
2458 2633 2680 2696 satirae

407 2738 579 2801 Rom.
625 2744 869 2801 natura«
922 2755 981 2819 p.
1031 2734 1129 2801 15.
1197 2737 1355 2799 »Zur
1392 2735 1657 2800 -Theorie
1702 2734 1824 2799 und
1869 2736 2119 2799 inneren
2164 2735 2514 2799 Geschichte
2572 2736 2685 2800 der

405 2842 573 2906 Rom.
612 2840 802 2908 Satire
846 2859 904 2923 p.
947 2838 1066 2915 20)
1130 2840 1208 2903 de
1252 2841 1475 2904 Horatii
1529 2841 1727 2904 satiris
1786 2839 2051 2921 judicat,
2113 2839 2396 2918 mullum,
2456 2840 2508 2904 si
2552 2840 2684 2904 libri

405 2945 651 3012 secundi
709 2952 973 3028 quartam
1032 2952 1096 3010 et
1140 2945 1397 3026 quintam
1452 2944 1810 3025 exceperis,
1868 2944 2149 3024 reperiri,
2202 2962 2355 3024 quae
2399 2945 2684 3008 continuo

408 3050 664 3113 carmine
724 3050 862 3113 vitia
918 3049 1151 3128 rideat,
1207 3048 1447 3128 plures,
1516 3067 1674 3129 quae
1731 3047 1830 3110 vel
1894 3047 2132 3111 fabulae
2190 3048 2450 3125 rectius,
2511 3064 2682 3129 quam

408 3156 627 3219 satirae
696 3153 998 3233 dicantur,
1066 3153 1167 3217 vel
1226 3154 1414 3235 ipsius
1473 3160 1690 3235 poetae
1747 3171 1982 3216 causam
2043 3158 2258 3234 agant,
2312 3151 2420 3216 sed
2477 3170 2684 3215 omnes

410 3259 579 3338 fere,
641 3258 924 3340 imprimis
968 3258 1024 3335 l,
1079 3259 1119 3321 2
1166 3265 1224 3320 et
1269 3256 1351 3336 11,
1398 3256 1438 3319 3
1504 3256 1796 3339 ejusmodi
1854 3257 2115 3320 materiis
2170 3255 2460 3336 quaedam
2537 3272 2685 3319 vere

408 3364 644 3427 satirica
689 3362 914 3427 habere
959 3361 1277 3425 admixta«

582 3467 778 3531 Meras
834 3467 1046 3530 satiras
1092 3466 1336 3530 Persius
1383 3471 1442 3528 et
1493 3463 1799 3527 Juvenalis
1845 3463 2246 3545 scripserunt,
2305 3464 2405 3544 qui
2450 3464 2685 3527 satiram

301 3569 307 3574 ’
414 3572 734 3634 Romanam
796 3569 1183 3634 absolverunt
1240 3577 1298 3631 et
1354 3568 1761 3650 perfecerunt.
1825 3600 1909 3612 —-·
1977 3569 2045 3631 Hi
2107 3568 2325 3631 satirae
2384 3567 2686 3631 Romanae

412 3676 739 3757 scriptores
783 3674 1062 3752 Lucilius,
1118 3675 1418 3752 HoratiuS,
1477 3673 1737 3750 PersiuS,
1780 3670 2085 3736 Juvenalis
2129 3691 2249 3735 non
2292 3679 2455 3734 recte
2498 3671 2688 3734 aesti-

414 3787 681 3857 mantur,
740 3780 792 3843 si
838 3778 1149 3842 virtutibus
1192 3777 1561 3861 singulorum
1616 3775 1688 3838 ad
1734 3782 1956 3839 certam
2003 3792 2259 3840 normam
2317 3783 2377 3839 et
2419 3773 2689 3857 regulam

414 3883 730 3964 perpensis
775 3889 833 3945 et
879 3882 1226 3974 examinati-s
1272 3883 1426 3944 inter
1470 3900 1540 3944 se
1586 3887 2019 3962 comparantur.
2082 3880 2143 3944 Si
2189 3879 2562 3943 nihilominus
2608 3877 2688 3940 illi

415 3991 472 4050 in
531 3988 927 4051 contentionis
979 3986 1262 4068 judicium
1322 3992 1645 4062 vocantur,
1704 3991 1871 4046 recle
1934 3984 2188 4048 Lucilius
2249 3991 2310 4047 et
2365 3981 2690 4057 Juvenalis,

415 4092 693 4156 Horatius
737 4099 798 4154 et
840 4090 1082 4154 Persius
1125 4096 1580 4171 componuntur,
1626 4106 1879 4168 quorum
1911 4088 2168 4151 Lucilius
2213 4086 2446 4149 satiram
2493 4084 2688 4146 maxi-

413 4213 512 4258 me
555 4195 897 4279 ingenuam,
941 4192 1182 4273 fortem,
1228 4210 1372 4256 vere
1399 4192 1718 4256 Romanam
1754 4190 2024 4271 reddidit,
2066 4189 2367 4255 Juvenalis
2401 4190 2688 4252 orationis
