3246 4959
1533 298 1633 375 41

451 492 522 556 V.
568 491 713 559 105.
757 491 965 557 Lectio
1019 488 1418 572 specimen
1481 489 1619 553 licet
1674 487 1929 553 omnium
1981 486 2116 552 t'ere
2160 488 2337 552 codd.
2384 487 2732 553 anctoritate
2798 531 2802 539 -

452 597 688 676 nitatur,
732 595 1088 678 speciem
1135 594 1274 675 quin
1320 601 1491 657 recte
1518 594 1832 672 scribatur,
1878 591 2128 659 dubitari
2160 610 2277 655 non
2299 600 2518 676 potest,
2563 591 2728 673 quod

457 698 732 788 Prisciani
780 708 840 762 et
885 699 1244 763 scholiastae
1299 699 1669 777 testimoniis,
1708 697 1937 777 Orellii,
1981 697 2208 775 Heinr.,
2255 684 2478 776 Herm.'‚
2534 696 2730 759 Jahnii

451 807 546 878 (in
591 804 687 868 ed.
735 805 909 879 min.)
958 821 1256 867 consensu
1294 803 1599 886 probatur.
1646 803 1987 886 Specimen,
2030 818 2151 882 quo
2194 819 2296 864 res
2324 799 2729 884 dijudicemus,

454 927 571 973 non
619 908 1010 992 dignoscitur,
1053 907 1164 970 sed
1209 907 1550 992 agnoscitur
1581 914 1640 970 et
1685 905 2097 992 dignoscendo
2128 905 2360 969 demum
2407 922 2727 987 compara-

451 1020 561 1077 tur.
607 1012 870 1089 Persius,
916 1012 965 1074 si
1011 1011 1255 1094 proprio
1287 1006 1523 1075 dicerldi
1555 1031 1786 1096 genere
1832 1029 1976 1075 usus
2004 1017 2187 1088 esset,
2234 1010 2507 1074 dixisset:
2555 1008 2727 1086 „veri

450 1125 511 1181 et
554 1116 682 1179 falsi
728 1117 990 1197 speciem
1038 1115 1397 1200 dignoscere
1452 1114 1711 1196 calles“‚
1756 1115 2251 1198 quemadmodum
2296 1115 2572 1178 Horatius
2617 1120 2727 1178 sat.

458 1220 524 1299 ll,
570 1219 632 1299 3,
675 1219 805 1286 208
850 1218 1140 1301 loquitur:
1188 1218 1349 1300 „Qui
1397 1221 1712 1300 species
1771 1220 1916 1284 alias
1977 1222 2148 1283 veri
2210 1219 2579 1299 scelerisque
2627 1223 2725 1280 tu-

448 1325 633 1390 multu
660 1325 987 1389 Permixtas
1022 1321 1276 1406 capiet“.
1313 1359 1387 1368 ——
1427 1324 1496 1388 V.
1536 1321 1680 1390 112.
1715 1326 1858 1388 Voc.
1906 1325 2167 1408 glutto
2206 1342 2337 1386 cum
2365 1323 2565 1386 Heinr.
2610 1322 2725 1385 ab·

450 1430 689 1494 lativum
738 1447 916 1508 esse,
974 1446 1093 1510 quo
1139 1429 1458 1511 simplicior
1503 1430 1822 1493 verborum
1868 1429 2021 1492 ordo
2066 1435 2361 1506 servatur,
2407 1435 2466 1489 et
2511 1426 2726 1489 dictum

449 1553 558 1617 pro
594 1532 851 1612 avide,
895 1534 1170 1614 cupide
1202 1535 1500 1599 existimo.
1543 1534 1846 1617 Exemplis
1880 1552 2078 1615 neque
2107 1534 2277 1609 haec,
2320 1549 2518 1613 neque
2551 1531 2727 1593 altera

459 1637 870 1718 interpretatio
915 1636 1157 1718 probari
1203 1645 1420 1717 potest.
1471 1670 1546 1682 ·-
1583 1639 1651 1701 V.
1703 1639 1843 1703 117.
1892 1636 2089 1701 Herm.
2137 1645 2303 1701 recte
2346 1634 2493 1701 sub
2540 1653 2725 1716 pec-

451 1749 628 1804 tore
675 1740 931 1822 scripsit,
975 1758 1093 1822 quo
1140 1741 1446 1805 recondita
1493 1742 1708 1806 malitia
1755 1743 1934 1806 multo
1966 1742 2222 1806 vividius
2269 1749 2329 1804 et
2374 1739 2724 1822 expressius

453 1844 846 1922 describatur,
890 1862 1066 1926 quam
1114 1844 1297 1908 altera
1342 1845 1630 1913 lectionet
1677 1848 1748 1909 in
1793 1854 2075 1930 pectore,
2135 1865 2306 1926 quam
2351 1845 2618 1908 Jahnium
2665 1844 2723 1904 in

449 1949 545 2011 ed.
593 1949 730 2010 min.
778 1948 1084 2029 praeferre
1114 1949 1292 2012 video
1321 1982 1409 1993 -
1436 1970 1495 2013 v.
1542 1949 1668 2013 118
1710 1957 1988 2030 repeto
2033 1948 2412 2013 scribendum
2449 1956 2562 2026 est,
2607 1949 2724 2011 etsi

448 2053 638 2114 minus
683 2051 990 2115 codicibus
1036 2053 1500 2116 commendetur.
1547 2055 1786 2118 Persius
1824 2053 1918 2116 hic
1963 2073 1996 2116 a
2043 2053 2287 2135 proprio
2312 2052 2384 2115 ad
2413 2052 2723 2136 figuratum

446 2155 680 2218 dicendi
739 2173 935 2238 genus
995 2157 1224 2219 transiit
1282 2158 1378 2220 vel
1439 2159 1635 2240 potius
1694 2158 2043 2222 sententiam
2106 2158 2360 2240 imagine
2405 2157 2723 2238 expressit.

448 2259 616 2333 Quae
643 2258 927 2338 „dederat
956 2259 1199 2343 supra“‚
1245 2261 1599 2346 relegere
1634 2263 1671 2325 i.
1696 2282 1748 2326 e.
1774 2270 2117 2342 retractare,
2148 2269 2449 2344 reputare,
2493 2259 2725 2324 exami-

445 2381 612 2442 nare,
658 2363 891 2443 Stoico,
952 2383 1129 2445 quum
1174 2384 1277 2429 res
1322 2375 1528 2448 aperta
1589 2369 1665 2429 sit
1721 2366 2062 2447 nullumque
2107 2385 2359 2430 examen
2406 2366 2728 2446 desideret,

451 2466 757 2551 indignum
804 2475 914 2531 est.

615 2572 867 2634 Versum
936 2570 1056 2636 126
1120 2573 1324 2636 Heinr.
1387 2582 1444 2636 et
1490 2574 1684 2637 Herm.
1745 2574 1906 2639 illum
1967 2584 2209 2640 secutus
2270 2577 2424 2641 male
2483 2596 2618 2640 cum
2663 2597 2719 2641 v.

444 2676 541 2756 qui
589 2676 863 2756 sequitur
919 2677 1047 2755 („si
1094 2672 1460 2759 increpuit“)
1521 2679 1991 2761 conjunxerunt3
2053 2700 2104 2742 ν.
2157 2680 2279 2744 125
2326 2681 2469 2761 „qui
2507 2679 2718 2764 jubet“

443 2778 710 2842 audiatur
763 2797 1014 2842 necesse
1053 2788 1162 2844 est.
1221 2781 1417 2843 Verba
1482 2800 1732 2860 „cessas
1792 2782 2144 2866 nugator-‘P‘
2203 2784 2539 2865 dominum,
2599 2805 2720 2850 non

440 2882 854 2964 philosophum
903 2881 1135 2949 decent.
1189 2918 1263 2927 —
1314 2886 1382 2948 V.
1435 2883 1575 2949 134.
1621 2885 1791 2949 Jahn.
1841 2895 1902 2949 et
1956 2888 2155 2952 Herm.
2202 2898 2366 2952 recte
2415 2908 2494 2953 ex
2541 2891 2720 2953 codd.

443 3004 529 3048 eu
578 2984 981 3067 saperdam
1028 2989 1426 3071 scripserunt3
1472 3007 1591 3050 non
1629 2990 1759 3071 ipse
1790 2990 1971 3071 piscis
2005 2991 2365 3075 intelligitur,
2410 2994 2516 3055 sed
2566 3011 2725 3077 „ge-

441 3108 556 3153 nus
599 3089 960 3170 salsamenti,
1005 3091 1161 3172 quod
1208 3111 1285 3155 ex
1329 3095 1497 3175 pisce
1535 3091 1931 3169 fit“(sch01.).
1981 3093 2084 3159 Sin
2130 3098 2522 3180 saperdas
2568 3099 2723 3161 scri-

439 3196 652 3273 bimuS,
699 3211 830 3255 voe.
878 3211 1000 3273 en,
1062 3194 1219 3276 quod
1280 3215 1622 3260 sermonem
1693 3198 2046 3261 concitatum
2095 3210 2384 3281 exornat,
2429 3202 2728 3285 ejiciamus

440 3316 695 3362 necesse
744 3305 836 3359 est
881 3306 960 3377 et,
1007 3318 1140 3362 num
1186 3302 1372 3384 prima
1419 3301 1684 3384 syllaba,
1729 3321 1884 3382 quae
1927 3303 2109 3388 longa
2150 3323 2288 3368 esse
2336 3306 2540 3386 debet,
2582 3307 2729 3370 bre·

439 3403 528 3466 vis
574 3421 646 3464 an
694 3402 875 3483 longa
922 3402 1017 3482 sit,
1062 3403 1301 3468 dubium
1347 3405 1713 3485 relinquitur.
1772 3406 1833 3470 Si
1879 3408 2013 3487 quis
2060 3408 2252 3471 adhuc
2298 3429 2546 3473 numero
2594 3412 2725 3475 sin-

438 3506 632 3590 gulari
678 3502 1041 3585 offendatur,
1086 3507 1160 3571 cf.
1206 3507 1297 3587 lll,
1346 3508 1428 3571 76
1472 3509 1809 3589 „Menaque
1856 3510 2019 3590 quod
2065 3513 2253 3593 prima
2304 3513 2562 3576 nondum
2609 3514 2728 3577 de-

416 3609 655 3673 fecerit
699 3606 909 3672 orca.“
956 3642 1038 3654 —
1085 3612 1153 3675 V.
1208 3608 1350 3675 135.
1398 3612 1600 3674 Heinr.
1649 3619 1705 3673 et
1731 3612 1934 3676 Herm.
1983 3614 2073 3684 (L.
2122 3616 2182 3677 P.
2221 3615 2287 3695 ll,
2335 3637 2388 3698 p.
2438 3617 2548 3693 56)
2580 3616 2727 3681 Coa

435 3731 557 3776 non
603 3720 772 3774 recte
827 3711 901 3773 de
949 3712 1086 3776 Cois
1131 3714 1243 3778 illis
1302 3715 1570 3778 vestibus
1632 3714 1904 3779 dilucidis
1949 3719 2321 3800 interpretati
2368 3729 2541 3799 sunt3
2595 3722 2726 3785 Ho-

437 3819 567 3880 ratii
604 3815 742 3878 loco
789 3824 898 3878 sat.
945 3813 986 3897 1,
1030 3818 1091 3898 2,
1141 3818 1254 3880 101
1294 3817 1479 3897 „Cois
1512 3818 1608 3880 tibi
1639 3824 1833 3899 paene
1868 3821 2078 3885 videre
2110 3830 2217 3885 est.
2264 3821 2327 3889 .“
2372 3826 2727 3891 vestibus
2798 3809 2800 3812 ’

435 3918 720 3984 facillime
766 3918 1111 4001 suppletur,
1157 3921 1236 3984 cf.
1283 3921 1492 3984 Tibull.
1540 3921 1618 4001 ll,
1679 3922 1754 4002 4,
1803 3923 1888 3986 29
1954 3924 2132 4004 „Coa
2179 3925 2434 4007 vestis“,
2479 3931 2622 3992 Hor.
2671 3950 2724 3993 c.

433 4023 533 4103 lv,
587 4021 691 4101 13,
740 4021 816 4087 13
861 4021 1066 4102 „Coae
1102 4022 1460 4105 purpurae“.
1506 4024 1869 4104 Saepissime
1899 4045 2051 4091 vero
2097 4031 2235 4094 vina
2284 4050 2414 4097 voe.
2445 4033 2562 4095 vini
2609 4051 2728 4096 non

434 4126 639 4192 addito
705 4124 1000 4203 Caecuba,
1050 4126 1289 4188 Falerna
1334 4171 1350 4189 .
1398 4170 1416 4190 .
1461 4146 1492 4188 a
1537 4127 1726 4206 patria
1772 4127 2251 4199 denominantur.
2298 4136 2499 4210 Quare
2542 4136 2727 4200 Orell.

437 4248 577 4293 cum
626 4225 886 4290 Casaub.
946 4227 1142 4300 (Jahn.
1189 4224 1443 4309 dubitat)
1502 4228 1854 4294 scholiastae
1897 4233 2484 4317 interpretationemt
2545 4239 2634 4321 „L
2654 4259 2731 4303 u-
