3246 4959
1652 277 1754 353 40

979 466 1318 522 „Transnauto
1352 463 1590 530 Tiberim,
1628 480 1807 518 somno
1832 464 2010 534 quibus
2047 471 2123 519 est
2150 480 2276 532 opus
2303 464 2425 529 alto,

976 554 1064 606 lrr
1078 557 1091 606 i
1106 572 1141 625 g
1155 571 1184 607 u
1200 571 1290 607 um
1305 568 1422 622 que
1457 567 1598 605 mero
1628 552 1720 605 sub
1739 558 1939 605 noctem
1967 568 2151 619 corpus
2175 550 2443 607 habento.“

569 695 642 705 —
695 662 764 724 V.
811 656 895 724 66
939 662 1138 726 Herm.
1184 680 1369 745 prave
1430 659 1730 727 distinxitz
1795 658 1984 738 „Cras
2030 659 2145 723 hoc
2189 659 2292 722 fiet
2334 658 2512 723 idem.
2563 689 2642 703 -·
2690 657 2839 720 Cras

563 763 750 830 fiet?“
796 765 1011 831 Saltem
1056 765 1362 844 itidem,
1428 783 1548 828 non
1597 758 1800 827 idem
1867 767 1964 840 [ut
2007 782 2204 845 neque
2251 761 2336 839 ll,
2384 762 2467 827 62
2521 763 2675 842 „hos
2719 779 2838 824 no-

563 868 801 943 stros“)
863 870 974 933 dici
1038 870 1309 935 debebat.
1370 869 1489 935 Sed
1545 870 1689 933 satis
1749 869 1964 932 acerbe
2021 867 2393 932 adolescenti
2460 866 2646 931 verba
2689 865 2840 930 red-

569 974 807 1040 duntur.
873 1009 947 1018 —
1001 976 1073 1039 V.
1136 975 1238 1038 64.
1300 975 1488 1038 Recte
1545 973 1715 1037 Jahn.
1777 990 1936 1035 nunc
1998 975 2436 1055 „puerique
2495 967 2838 1051 senesque“

571 1078 845 1161 scripsit3
899 1079 1416 1161 juvenesque
1454 1097 1486 1141 a
1552 1077 1808 1158 quodam
1871 1076 2101 1141 mediae
2182 1080 2393 1141 aetatis
2458 1074 2838 1159 grammatico

565 1181 781 1246 leviter
826 1183 1085 1263 erudito,
1130 1184 1230 1266 qui
1276 1181 1585 1265 „pueros“
1632 1172 2041 1266 philosophiae
2062 1181 2350 1245 indociles
2381 1180 2646 1265 putabat,
2690 1195 2840 1259 pro-

564 1286 786 1351 fectum
849 1287 1042 1351 videri
1104 1287 1431 1351 Teuffelius
1507 1287 1675 1363 (Jen.
1736 1288 1974 1371 Littztg.
2052 1284 2235 1351 1845.
2297 1305 2356 1369 p.
2439 1285 2592 1360 779)
2665 1288 2839 1345 acute

571 1391 931 1456 observavit.

743 1495 816 1557 V.
865 1494 967 1559 73.
1015 1495 1294 1576 Plerique
1341 1496 1609 1560 editores
1656 1516 1712 1558 v.
1759 1505 1874 1575 ut,
1934 1514 2111 1578 quum
2158 1503 2296 1577 post
2338 1491 2480 1557 illud
2527 1495 2840 1570 interpun-

560 1599 791 1678 xerint‚
834 1599 907 1662 ad
953 1599 1306 1683 possidet
1350 1600 1681 1664 retulerunt
1728 1609 1790 1663 et
1835 1599 2238 1683 explicaruntx
2285 1616 2464 1678 qua,
2508 1593 2838 1659 secundum

566 1719 741 1784 quam
800 1702 893 1766 far
949 1703 1263 1786 gratuitum
1327 1703 1635 1785 possidet,
1696 1706 2032 1786 quicunque
2086 1703 2411 1766 libertatem
2472 1708 2680 1763 nactus
2727 1705 2842 1762 est.

564 1805 643 1869 At
688 1807 869 1869 verba
917 1816 995 1870 ut
1039 1808 1364 1889 quisque
1410 1807 1570 1871 nullo
1617 1809 1795 1871 modo
1840 1809 2109 1889 separari
2154 1825 2335 1888 posse
2372 1804 2510 1867 mihi
2547 1803 2838 1866 videntur.

562 1910 691 1973 Jam
736 1910 923 1975 schol.
967 1930 1185 1976 versus
1215 1911 1592 1975 difficillimos
1625 1913 1843 1994 optime
1869 1913 2282 1993 interpretatus
2331 1918 2462 1974 estt
2508 1908 2841 1987 ‚,libertate,

561 2012 677 2075 hoc
722 2022 817 2078 est
860 2017 1182 2098 sapientia,
1227 2017 1507 2080 utendum
1556 2026 1687 2096 est,
1743 2036 1863 2079 non
1910 2025 2105 2079 autem
2152 2016 2282 2094 illa,
2340 2032 2551 2096 quam
2600 2010 2838 2075 Publius

565 2122 931 2200 emeruit,
979 2123 1108 2202 qui
1168 2141 1279 2203 per
1338 2129 1630 2186 tesseram
1677 2123 2015 2186 scabiosum
2062 2121 2152 2184 far
2210 2115 2543 2202 possidet.“
2590 2116 2679 2179 Ut
2722 2132 2838 2176 non

565 2240 704 2302 qua,
748 2223 861 2287 sed
907 2225 1163 2306 qualem,
1209 2233 1273 2287 ut
1316 2243 1440 2287 eam
1488 2225 1900 2305 explicandum
1947 2244 2109 2304 esse,
2154 2226 2325 2287 etiam
2358 2223 2638 2300 Montius,
2669 2223 2838 2284 Don-

569 2345 772 2407 neruS,
815 2331 947 2393 veri
992 2348 1112 2393 non
1157 2329 1383 2394 sordidi
1418 2331 1694 2413 JudiceS,
1740 2332 2161 2394 existimarunt.
2208 2327 2561 2410 Asyndeton
2622 2343 2839 2403 „eme-

563 2433 701 2512 ruit,
745 2432 1078 2499 scabiosum
1122 2467 1210 2482 —-
1256 2435 1602 2517 possidet“,
1657 2437 1712 2499 in
1759 2453 1877 2518 quo
1924 2434 2196 2517 plerique
2255 2431 2631 2497 offenderunt
2675 2435 2839 2511 (qua

568 2543 704 2599 ante
764 2556 822 2600 v.
883 2547 969 2601 ut
1012 2540 1265 2623 Koenig.
1315 2540 1534 2604 addere
1580 2559 1700 2602 non
1747 2540 2055 2617 debebat),
2099 2540 2249 2602 hanc
2301 2535 2838 2618 interpretationem

566 2649 844 2705 evertere
893 2660 1009 2705 non
1055 2653 1275 2725 potest,
1321 2664 1498 2726 quum
1548 2646 1862 2708 Hermanni
1927 2653 1982 2706 et
2027 2643 2215 2707 Jabnii
2259 2639 2666 2723 interpretatio
2711 2636 2837 2700 aliis

567 2745 758 2825 iisque
803 2747 1119 2828 majoribus
1163 2748 1550 2811 incommodis
1613 2748 1860 2812 laboret.
1908 2748 2263 2829 Quisque
2332 2746 2474 2808 alias
2532 2761 2642 2826 pro
2701 2742 2839 2822 qui-

462 2937 467 2944 *
561 2866 798 2930 cunque
852 2859 1018 2914 recte
1084 2851 1198 2914 dici
1258 2847 1439 2933 posse
1504 2871 1623 2915 non
1690 2853 2074 2936 negaverim,
2133 2852 2244 2916 sed
2310 2869 2373 2914 ν.
2433 2855 2511 2916 ut
2571 2866 2603 2909 a
2649 2844 2836 2909 verbo

560 2952 960 3033 possidet,
1006 2955 1079 3017 ad
1127 2957 1284 3037 quod
1333 2957 1470 3020 illud
1516 2956 2270 3039 referendum‘putarunt,
2330 2953 2502 3016 nimis
2547 2956 2836 3013 remotum

561 3063 655 3119 est
698 3064 757 3119 et
801 3056 1024 3139 duplex
1070 3059 1362 3122 ablativus
1410 3069 1484 3123 ut
1528 3064 1704 3142 (qua)
1752 3069 1811 3124 et
1855 3068 2159 3124 tessera
2204 3074 2581 3138 summopere
2626 3053 2836 3135 displi-

559 3167 679 3238 cet,
724 3162 836 3224 uisi
881 3162 1134 3226 fortasse
1180 3163 1649 3228 tesserulae
1695 3164 1964 3229 scribere
2013 3165 2178 3229 velis.
2226 3163 2371 3226 Tum
2408 3161 2659 3225 emeruit
2701 3177 2836 3221 num

561 3263 635 3326 ad
681 3266 1017 3347 „stipendia
1064 3276 1331 3348 peracta,
1377 3269 1589 3349 quibus
1636 3269 1985 3351 perfunctus
2017 3271 2162 3333 civis
2193 3269 2264 3331 ad
2308 3268 2602 3348 integrum
2647 3263 2839 3326 liber-

564 3369 693 3431 tatis
739 3388 908 3433 usum
943 3370 1225 3434 accedat“
1272 3373 1496 3443 (Herm.
1541 3373 1606 3435 L.
1652 3375 1708 3436 P.
1739 3373 1806 3454 ll,
1853 3368 2085 3456 p.‘56),
2127 3373 2344 3438 referri
2389 3372 2599 3454 possit,
2641 3367 2837 3431 vehe-

559 3481 792 3535 menter
836 3474 1060 3555 dubito‚
1105 3493 1286 3556 quum
1333 3476 1407 3539 de
1451 3494 1629 3540 servo
1661 3497 1849 3560 nuper
1893 3481 2248 3542 manumisso
2294 3483 2524 3560 agatur.
2569 3472 2838 3552 Denique

559 3577 769 3642 verba-
806 3580 1191 3657 „scabiosum
1239 3581 1529 3644 tesserula
1575 3580 1666 3644 far
1709 3581 2016 3666 possidet“
2062 3584 2229 3646 nimis
2272 3584 2640 3663 premuntur,
2683 3592 2838 3656 quae

562 3688 761 3762 poeta,
803 3681 1135 3749 libertatem
1180 3685 1336 3749 illam
1382 3685 1607 3763 riden5‚
1655 3688 2079 3771 epexegetice,
2122 3696 2188 3752 ut
2229 3687 2308 3750 ita
2353 3684 2562 3765 dicam,
2605 3682 2838 3747 submi-

556 3786 669 3865 sit,
728 3804 850 3868 quo
913 3790 1086 3852 etiam
1150 3790 1486 3872 asyndeton
1542 3793 1894 3873 explicatur.
1958 3826 2035 3836 —
2100 3813 2158 3857 ν.
2215 3792 2322 3860 82.
2380 3792 2586 3856 Lectio
2644 3790 2835 3854 hanc

557 3890 711 3954 bona
758 3900 928 3974 parte
973 3894 1148 3957 codd.
1198 3895 1281 3965 (in
1326 3895 1622 3960 nonnullis
1660 3914 1843 3977 prave
1887 3899 2075 3961 haec
2114 3899 2516 3981 scripserunt)
2563 3895 2835 3959 etscho-

555 3993 764 4058 liastac
810 3998 1009 4061 verbis
1068 3999 1424 4063 defenditur.
1516 3999 1868 4064 Libertatem
1927 4003 2112 4084 ipsam
2173 4008 2345 4086 poeta
2392 3999 2668 4079 deridet,
2713 4017 2834 4062 non

557 4099 902 4179 commoda,
963 4122 1119 4184 quae
1165 4104 1261 4167 illa
1307 4104 1460 4186 fert;
1521 4112 1871 4186 praeterea,
1933 4106 2093 4187 quod
2141 4108 2260 4190 Jam
2318 4121 2501 4188 supra
2559 4103 2670 4184 (ll,
2716 4104 2832 4178 19)

563 4203 800 4284 monui,
864 4205 914 4268 si
992 4207 1134 4287 quid
1215 4209 1334 4270 acri
1409 4207 1602 4270 studio
1681 4209 2023 4293 impugnat,
2097 4210 2280 4274 verba
2369 4212 2588 4273 iterare
2661 4207 2834 4273 solet.
