3246 4959
1627 297 1737 372 ‘43

551 452 646 511 ter
665 451 979 530 lectionem
999 470 1334 541 codd..satis
1350 478 1631 547 firmatam
1663 505 1743 551 ru
1759 508 1813 551 m
1829 492 1898 573 pi
1923 497 2230 577 praefero.
2258 536 2326 547 —
2347 504 2417 572 V.
2446 505 2588 573 159.
2609 508 2833 590 Herm„

544 559 623 612 et
687 561 786 623 vel
833 585 917 631 ac
962 572 1303 658 languidum
1363 587 1721 671 existimans,
1765 594 2033 676 plurimis
2090 607 2449 691 optimisque
2493 611 2668 676 codd.
2716 614 2831 678 fir-

537 664 750 724 matam
796 675 1138 748 particulam
1183 694 1324 765 ast,
1370 708 1519 771 quae
1560 692 1776 762 fortem
1821 709 1881 765 et
1923 707 2277 773 concitatum
2323 732 2659 780 sermonem
2708 718 2828 782 de·-

532 767 653 838 cet,
690 766 834 846 jure
879 784 1125 863 recepit,
1175 793 1415 874 erravit,
1460 815 1639 877 quum
1677 819 1736 864 v.
1786 801 1948 879 163,
1993 812 2156 890 quod
2201 833 2388 900 saepe
2434 819 2596 900 fecit,
2638 823 2824 886 solam

525 865 712 932 codd.
761 886 1170 952 auctoritatem
1212 905 1474 979 secutus,
1520 920 1653 966 cum
1683 905 1899 973 Jabnio
1946 909 2035 992 (in
2078 906 2186 980 ed.
2206 920 2376 996 min.)
2414 923 2825 991 adrodens

519 971 839 1043 scriberet.
890 986 1078 1053 Recte
1123 998 1360 1076 quidem
1409 1004 1499 1075 (L.
1548 1006 1609 1067 P.
1644 1007 1738 1090 lll,
1789 1031 1847 1093 p.
1895 1013 2011 1091 28)
2059 1037 2324 1105 unguem
2358 1026 2650 1092 adrodere
2694 1049 2821 1114 ge·-

511 1078 675 1139 stum
725 1088 1193 1164 meditantis
1257 1123 1397 1169 esse
1442 1108 1621 1190 dixit,
1685 1113 2059 1198 desperantis
2105 1124 2446 1208 abradere,
2492 1132 2604 1195 sed
2650 1143 2819 1198 recte

509 1178 692 1244 etiam
741 1185 932 1256 Bentl.
980 1199 1053 1262 ad
1100 1204 1242 1270 Hor.
1289 1229 1340 1271 c.
1385 1211 1491 1291 lv,
1544 1212 1655 1296 14,
1701 1218 1786 1281 28
1830 1225 2139 1300 „meditari
2187 1238 2283 1293 est
2339 1251 2458 1295 non
2496 1237 2616 1318 jam
2665 1257 2810 1302 sae-

502 1280 750 1365 viantis,
797 1296 911 1358 sed
957 1301 1101 1366 iram
1149 1312 1345 1388 potius
1393 1315 1812 1388 dissimulantis
1858 1334 1919 1388 et
1956 1329 2212 1395 subdole
2270 1338 2638 1420 occultantis,
2684 1361 2809 1423 quo

497 1383 830 1458 violentius
878 1412 1089 1480 postea
1131 1417 1462 1498 erumpat.“
1511 1421 1968 1494 Chaerestratus
2013 1452 2136 1498 non
2184 1440 2376 1503 animo
2424 1445 2630 1522 quieto
2675 1466 2805 1511 rem

490 1485 826 1577 deliberat,
858 1509 1018 1570 omni
1060 1509 1185 1575 fere
1212 1535 1321 1598 spe
1350 1526 1846 1594 reconciliationis
1876 1535 2121 1619 abjecta,
2162 1543 2303 1622 quid
2337 1544 2527 1627 faciat,
2566 1568 2804 1615 summo

486 1590 776 1664 incitatus
823 1624 1031 1674 amore
1092 1602 1350 1685 incertus
1407 1635 1518 1690 est.
1602 1631 1746 1695 Tum
1792 1636 2217 1708 adrodere
2285 1648 2406 1730 jam
2473 1670 2592 1715 uno
2658 1673 2797 1719 voc.

481 1701 820 1769 crudum
874 1714 1023 1789 („ita
1070 1727 1132 1782 ut
1176 1726 1395 1791 crudus
1449 1730 1615 1808 fiat“)
1661 1737 1982 1821 refutatur,
2027 1745 2105 1808 cf.
2155 1747 2214 1820 1,
2266 1752 2390 1815 106
2451 1757 2621 1834 „Nec
2658 1758 2844 1839 plu--

473 1803 646 1864 teum
697 1812 941 1894 caedit,
990 1837 1103 1883 nec
1148 1825 1457 1897 demorsos
1493 1840 1642 1918 sapit
1677 1844 1995 1924 ungues.“.
2045 1851 2215 1932 Hor„
2260 1865 2368 1918 sat.
2417 1856 2474 1937 l,
2523 1860 2627 1941 10,
2674 1860 2799 1930 7⁹12

463 1904 722 1988 „Saepe
772 1927 958 1995 caput
1004 1927 1299 2011 scaberet,
1345 1938 1572 2002 vivos
1633 1952 1693 2007 et
1739 1947 1981 2013 roderet
2040 1959 2344 2039 ungues.“
2389 1992 2474 2006 ---
2522 1965 2592 2028 V.
2646 1966 2796 2033 172.

463 2001 667 2072 Recte
718 2016 936 2084 Herm.
984 2025 1147 2108 fecit,
1195 2037 1351 2112 quod
1397 2042 1639 2119 primam
1707 2060 2023 2128 personam
2072 2077 2458 2129 accersat
2503 2073 2796 2153 servavit,

459 2109 576 2171 sed
629 2117 866 2185 vellem
933 2118 1110 2194 etiam
1171 2136 1545 2208 indicativum
1621 2166 1964 2235 servasset,
2042 2180 2223 2242 quem
2287 2167 2562 2251 plerique
2611 2175 2793 2242 codd.

453 2217 735 2284 tuentur.
806 2224 996 2294 Certe
1043 2236 1280 2304 Persius
1326 2264 1447 2308 non
1493 2257 1721 2315 temere
1765 2266 1825 2320 et
1870 2261 2320 2333 inconsiderate
2365 2274 2605 2340 modum
2654 2299 2794 2344 mu·-

446 2319 630 2395 tavit3
682 2324 1060 2398 indicativus
1105 2350 1523 2429 accersor,
1579 2358 2162 2448 praesertim'quum
2211 2393 2358 2438 nec
2425 2398 2627 2444 nunc
2673 2403 2796 2447 an-

441 2422 741 2501 tecedat,
794 2438 1044 2518 tempus
1092 2444 1323 2528 indicat,
1368 2457 1781 2537 conjunctivus
1842 2472 2268 2551 supplicet
2313 2501 2556 2547 causam
2604 2487 2792 2570 addit,

430 2538 604 2601 quae
654 2529 923 2599 dubium
975 2547 1165 2627 magis
1221 2552 1472 2618 stimulat
1515 2561 1827 2645 rebusque
1896 2575 2025 2637 suis
2074 2578 2437 2647 diffidentem
2501 2592 2682 2672 erigit
2731 2602 2795 2657 et

407 2936 603 3002 unice
659 2961 898 3008 verum
939 2952 1186 3035 judico,
1230 2979 1405 3040 quum

1425 3011 1443 3043 ,
1486 2972 1646 3048 quod
1696 2977 1956 3049 Teuffel.
2008 2990 2174 3060 (Jen.
2221 2996 2468 3085 Littztg.
2518 3003 2690 3069 1845
2740 3027 2799 3088 p.

404 3040 571 3109 779)
625 3056 830 3110 acute
883 3053 1248 3140 observavit,
1294 3083 1385 3129 ne

1430 3087 1634 3137 nunc
1684 3086 1936 3167 tempus
1977 3111 2279 3173 praesens
2324 3105 2500 3167 nimis
2548 3119 2802 3188 premat,

393 3159 470 3203 ac
519 3146 576 3206 si
630 3158 880 3226 postea
931 3162 1307 3233 „accedere“
1353 3169 1636 3255 licuisset,
1685 3191 1747 3245 et
1794 3206 1891 3251 ne
1938 3213 2135 3263 nunc
2182 3205 2352 3269 nullo
2399 3211 2622 3292 modo,
2651 3232 2803 3279 nec

387 3261 609 3309 nunc
660 3260 857 3315 recte
909 3275 1026 3337 pro
1072 3282 1192 3339 „ne
1230 3286 1384 3333 nunc
1430 3278 1718 3354 quidem“
1772 3290 1897 3357 dici
1945 3304 2159 3380 possit.

575 3352 656 3414 V.
716 3354 891 3435 185,
940 3358 1049 3425 86.
1094 3364 1322 3450 Tunc,
1369 3378 1531 3454 quod
1579 3384 1880 3473 plerique
1931 3403 2116 3471 codd.
2165 3417 2228 3473 et
2259 3414 2453 3479 schol.
2485 3422 2808 3505 praebent,

372 3448 787 3533 languidiori
864 3467 1020 3524 tum
1065 3471 1519 3546 praeferendum
1568 3504 1760 3572 esse,
1800 3499 1929 3580 jam
1981 3507 2186 3575 Heinr.
2235 3520 2460 3597 sensit3
2532 3522 2649 3587 hoc
2698 3526 2806 3590 Ci·
2869 3542 2876 3549 ‘
