3246 4959
1616 221 1726 307 138

538 431 663 481 non
717 421 934 497 potest.
998 413 1080 481 lta
1139 431 1377 492 sermo,
1437 413 1669 497 aegroti
1728 411 1992 479 moribus
2055 409 2576 489 accommodatus,
2637 408 2821 472 multo

543 519 746 589 verior
790 539 862 591 ac
908 518 1161 585 vividior
1206 517 1490 585 redditur.

1341 806 1633 870 Satira
1679 809 2029 887 qum-m.

718 966 790 1028 V.
831 965 890 1029 3.
935 965 1109 1028 Jahn.
1155 986 1192 1026 o
1237 964 1639 1028 redundanter
1700 965 1957 1045 positum
2000 965 2154 1047 jure
2211 965 2444 1047 rejecit3
2503 964 2630 1028 dic
2680 965 2826 1028 hoc

543 1089 678 1133 cum
723 1071 783 1131 vi
829 1069 1079 1149 quadam
1136 1069 1356 1133 dictum
1403 1077 1532 1146 est,
1594 1076 1659 1134 ut
1704 1068 2043 1133 Alcibiades
2100 1067 2389 1147 „dicenda
2450 1068 2824 1150 tacendaque

544 1171 807 1237 callens“
852 1172 925 1236 ad
967 1173 1028 1236 id
1074 1173 1302 1250 solum,
1364 1172 1526 1253 quod
1573 1175 2022 1255 interrogetur,
2081 1174 2460 1254 respondeat.
2526 1207 2602 1217 —-
2651 1175 2720 1238 V.
2766 1170 2825 1238 9.

547 1278 945 1342 Heinrichium
1004 1278 1319 1340 lectionem
1376 1285 1592 1357 puto,
1662 1295 1836 1356 quam
1884 1295 2091 1340 omnes
2137 1276 2305 1356 fere,
2367 1278 2578 1359 quibus
2638 1286 2826 1359 puta

548 1384 784 1447 doctius
840 1383 1184 1461 videbatur,
1255 1381 1696 1463 improbarunt,
1769 1381 2114 1444 defendisse
2176 1382 2397 1458 laetor-3
2466 1382 2827 1460 Alcibiades,

545 1506 728 1569 quum
773 1487 994 1571 populo
1054 1505 1219 1549 suam
1263 1484 1612 1548 sententiam
1660 1487 1951 1566 aperiret,
2012 1484 2243 1566 ,‚puto“
2289 1484 2491 1549 dicere
2539 1486 2823 1549 debebat.

542 1591 689 1655 lllud
747 1590 972 1674 „puta“
1047 1590 1443 1673 grammaticis
1513 1589 1928 1653 concedamus.
2001 1621 2079 1631 —
2138 1590 2206 1652 V.
2265 1585 2370 1654 26.
2443 1589 2824 1653 Indicativum

547 1696 877 1761 oberrat
933 1694 1312 1777 conjunctivo
1389 1693 1698 1756 fortiorem
1773 1693 1949 1756 codd.
2020 1693 2148 1755 fer'e
2228 1711 2433 1756 omnes
2502 1702 2562 1756 et
2636 1693 2823 1757 schol.

547 1808 822 1878 tuentur,
881 1799 958 1862 cf.
1003 1799 1243 1861 Petron.
1300 1797 1381 1861 37
1429 1807 1749 1879 „quantum
1796 1798 1954 1860 milvi
2000 1797 2266 1862 volant.“
2316 1831 2390 1841 -
2451 1799 2522 1860 V.
2582 1796 2688 1864 31.
2733 1799 2826 1862 Ex

547 1904 839 1967 communi
884 1902 1053 1966 verbi
1100 1921 1208 1966 usu
1254 1901 1570 1981 „farratam
1615 1901 1790 1964 ollam
1837 1901 2260 1982 plaudere“
2305 1902 2445 1965 nihil
2506 1902 2662 1964 aliud
2709 1911 2825 1982 est,

545 2027 718 2089 qnam
764 2007 1033 2071 manibus
1082 2006 1325 2089 pulsare
1373 2014 1434 2070 et
1480 2014 1877 2087 pertrectare,
1924 2007 2033 2080 (cf.
2081 2007 2176 2085 Vl,
2224 2010 2337 2080 77)
2386 2006 2546 2088 quod
2593 2006 2669 2069 de
2710 2007 2826 2070 olla

544 2111 870 2183 fervefacta
919 2113 1117 2194 inepte
1164 2110 1382 2173 dictum
1428 2118 1612 2173 esset.
1661 2110 1861 2184 Quare
1906 2110 2102 2190 Jahn„
2145 2129 2344 2192 quum,
2383 2111 2543 2193 quod
2581 2110 2823 2194 intelligi

540 2215 724 2279 vellet
791 2234 966 2295 „cum
1023 2216 1234 2297 plausu
1295 2216 1580 2297 excipere
1598 2213 1658 2292 ‚“
1721 2233 1828 2294 per
1884 2216 2284 2278 accusativum
2351 2235 2466 2278 non
2539 2215 2824 2279 declarari

546 2320 795 2397 videret,
840 2329 1006 2384 recte
1053 2320 1359 2383 ablativum
1405 2319 1679 2382 restituit.
1726 2317 1848 2388 Sed
1898 2341 1953 2383 v.
2001 2318 2104 2397 35,
2145 2318 2463 2382 Hermanni
2506 2339 2825 2401 argumen-

541 2425 766 2487 tatione
810 2423 1111 2497 (analecta
1152 2443 1212 2508 p.
1252 2424 1365 2497 14)
1413 2443 1445 2487 a
1491 2443 1645 2489 vero
1691 2423 2000 2503 deductuS,
2045 2442 2202 2487 nunc
2250 2423 2399 2488 male
2446 2425 2520 2487 hi
2567 2442 2824 2489 mores

539 2528 795 2608 scripsit.
844 2529 987 2595 Voc.
1035 2528 1368 2609 despuat
1411 2528 1602 2591 solum
1650 2528 1859 2591 durius
1905 2537 2030 2607 est,
2078 2548 2252 2610 quam
2300 2540 2374 2595 ut
2410 2530 2557 2593 ferri
2604 2531 2822 2612 possit;

544 2630 728 2695 multo
775 2633 1095 2714 simplicius
1158 2640 1252 2695 est
1313 2631 1606 2713 „despuat
1650 2633 1727 2695 in
1771 2651 2009 2713 mores,
2053 2680 2069 2697 .
2116 2680 2131 2697 .
2180 2633 2488 2715 pandere‘²
2538 2636 2576 2698 i.
2623 2654 2678 2698 e.
2724 2636 2823 2716 qui

547 2744 608 2799 te
655 2738 938 2821 castiget,
984 2736 1142 2817 quod
1191 2781 1206 2797 .
1256 2779 1273 2797 .
1318 2780 1336 2801 .
2628 2799 2655 2826 ,

708 2840 779 2903 V.
823 2839 929 2904 48.
975 2841 1144 2905 Jahn.
1193 2860 1370 2904 unam
1426 2860 1600 2922 quam
1648 2842 1959 2923 proposuit
2017 2841 2417 2924 conjecturam
2476 2859 2823 2904 amorum

538 2944 670 3024 ipse
716 2944 912 3023 (proll.
959 2963 1017 3024 p.
1068 2942 1224 3021 193)
1284 2946 1655 3027 improbavit.
1724 2946 1912 3009 Recte
1960 2946 2144 3009 verba
2195 2954 2408 3027 poetae
2452 2945 2822 3008 intellexisse

541 3047 623 3109 illi
670 3046 806 3109 mihi
853 3045 1164 3126 videntur,
1210 3051 1313 3129 qui
1359 3068 1686 3112 amarum
1732 3069 2069 3130 morosum,
2114 3049 2496 3114 fastidiosum
2528 3049 2632 3119 (cf.
2678 3049 2820 3112 Hor.

542 3149 718 3232 epod.
765 3150 839 3230 8,
889 3147 965 3213 19
1025 3152 1332 3233 „superbo
1388 3153 1497 3232 i.,“
1542 3162 1655 3217 sat.
1701 3153 1777 3231 ll,
1820 3151 1893 3230 2,
1945 3152 2070 3216 109
2116 3171 2379 3233 „corpus
2426 3150 2824 3235 superbum“)

542 3256 916 3335 interpretati
962 3264 1142 3330 sunt3
1195 3258 1289 3320 cui
1335 3258 1804 3339 interpretationi
1849 3257 2020 3322 Jahn.
2067 3257 2256 3320 verba
2302 3256 2629 3339 „quidquid
2676 3300 2693 3318 .
2739 3301 2755 3318 .
2805 3302 2822 3320 .

547 3356 751 3422 venit“
793 3378 1133 3444 repugnare
1179 3362 1423 3442 putavit,
1468 3369 1528 3424 at
1573 3361 1648 3427 cf.
1701 3361 1807 3440 vl,
1856 3363 1933 3424 72
1982 3361 2220 3441 „Quum
2265 3380 2587 3426 morosa
2624 3377 2821 3443 vago

542 3462 846 3546 singultiet
887 3464 1133 3546 inguine
1178 3462 1393 3529 vena.“

1328 3687 1628 3751 Satira
1689 3688 2031 3769 quinta.

715 3845 783 3908 V.
831 3845 869 3907 ll
918 3843 993 3907 de
1034 3843 1252 3907 Partho
1297 3844 1631 3924 vulnerato,
1676 3846 1775 3926 qui
1821 3846 2091 3930 sagittam
2127 3866 2207 3911 ex
2252 3860 2509 3927 corpore
2558 3848 2821 3912 evellere

538 3955 821 4029 conatur,
889 3948 1130 4033 intelligi
1195 3948 1405 4029 debet,
1480 3968 1668 4038 quum,
1707 3951 1945 4016 Persius
2018 3960 2224 4033 aperte
2295 3950 2636 4031 Horatium,
2710 3961 2820 4017 sat.

536 4051 608 4133 ll,
660 4051 717 4134 1,
767 4051 844 4118 15

955 4170 1092 4238 „Aut
1126 4170 1338 4225 labentis
1373 4187 1506 4241 equo
1541 4171 1783 4226 describit
1817 4188 1895 4226 vu
1908 4172 1925 4226 l
1938 4189 1971 4224 n
1988 4189 2018 4226 e
2032 4189 2058 4225 r
2072 4188 2101 4226 a
2136 4172 2175 4225 P
2188 4188 2217 4226 a
2229 4181 2285 4225 rt
2302 4173 2335 4225 h
2353 4173 2403 4225 i“
