3246 4959
1627 286 1744 366 {a

540 480 922 562 transposuit,
969 494 1112 561 quo,
1156 488 1220 543 ut
1263 497 1472 544 verum
1517 480 1725 559 fatear,
1774 498 1891 543 non
1920 480 2097 544 modo
2123 480 2269 544 nihil
2303 481 2449 566 egit,
2494 481 2603 546 sed
2643 483 2817 547 etiam

548 585 694 647 mire
741 584 984 647 erravit.
1049 582 1241 646 Verba
1286 583 1474 663 „haec
1518 586 1720 647 cinere
1774 585 2021 648 ulterior
2064 582 2368 664 metuas“,
2423 604 2581 666 quae
2627 600 2685 651 v.
2733 585 2812 651 41

549 704 885 753 sermonem
933 708 1010 753 ex
1058 699 1253 754 mente
1299 691 1623 755 adversarii
1670 690 1987 753 institutum
2016 691 2238 771 optimc
2265 690 2642 770 concludunt,
2686 698 2821 771 post

543 812 601 854 v.
649 792 732 857 36
780 793 910 858 fere
955 796 1152 877 inepta
1195 802 1350 874 sunt,
1396 795 1492 858 ubi
1529 794 1672 857 illud
1720 794 1929 873 „Tune
1978 793 2132 857 bona
2161 795 2469 858 incolumis
2502 791 2819 859 minuas?“

542 900 868 961 sententiae
913 900 1160 983 egregie
1204 901 1502 962 convenit.
1548 898 1658 977 Tu,
1703 899 1887 979 inquit
1929 898 2143 978 hereS‚
2209 899 2319 962 etsi
2364 899 2537 962 vivus
2583 917 2675 960 me
2718 897 2818 960 tibi

540 1003 751 1066 iratum
809 1002 1128 1088 effugeriS,
1175 1022 1295 1067 non
1344 1002 1585 1067 inultum
1635 1002 1693 1065 id
1740 1002 2018 1084 auferes3
2082 1011 2314 1067 mortuo
2360 1002 2462 1066 tihi
2499 1004 2656 1085 justa
2701 1020 2818 1065 non

543 1106 907 1188 persolvam.

715 1211 845 1274 Jam
893 1211 965 1275 ad
1011 1209 1205 1274 locum
1264 1210 1663 1273 difficillimum
1724 1230 1782 1274 v,
1849 1208 1935 1273 38
1979 1228 2072 1292 sq.
2127 1211 2538 1293 pervenimus,
2600 1210 2699 1274 ubi
2759 1210 2828 1272 in·

542 1314 642 1378 illo
686 1323 1082 1391 „nostrum
1128 1315 1267 1377 hoc
1315 1315 1544 1377 maris
1590 1316 1919 1396 expers“
1975 1316 2340 1395 interpretes
2386 1314 2614 1378 multam
2662 1330 2819 1397 ope·

540 1437 669 1483 ram
705 1427 1201 1501 consumpserunt
1234 1418 1332 1482 vel
1378 1418 1451 1481 ad
1501 1418 1753 1499 ineptias
1790 1417 2012 1499 delapsi
2059 1418 2461 1501 perdiderunt.
2509 1419 2597 1481 Ne
2631 1418 2821 1481 adhuc

543 1525 678 1605 quis
724 1544 854 1587 cum
882 1524 1018 1588 Csb.
1065 1531 1124 1586 et
1169 1524 1331 1585 Pass,
1376 1525 1593 1599 „maris
1641 1524 1905 1603 expers“
1954 1521 2149 1598 molle,
2196 1541 2424 1586 enerve
2467 1525 2533 1602 (a
2565 1544 2617 1586 v.
2646 1522 2819 1601 mas),

542 1645 676 1691 cum
751 1628 880 1692 aliis
944 1647 1020 1690 ex
1096 1636 1302 1690 vetere
1362 1626 1569 1710 glossa
1625 1644 1915 1707 „expers,
1984 1619 2251 1711 ἄπειρος
2319 1622 2425 1690 καὶ
2484 1621 2821 1711 epasmo&

544 1750 707 1796 mare
774 1739 1120 1814 expertum,
1191 1750 1299 1812 per
1372 1749 1533 1793 mare
1596 1730 1906 1793 advectum
1975 1733 2427 1814 interpretetur,
2497 1731 2820 1812 periculum

541 1854 660 1898 non
722 1845 845 1913 est,
910 1838 1157 1918 primum
1214 1854 1289 1899 eo
1333 1835 1656 1915 refutatur,
1716 1835 1914 1916 quod,
1974 1843 2036 1898 ut
2078 1837 2332 1898 Montius
2387 1844 2446 1899 et
2505 1836 2821 1898 Meisterus

539 1941 687 2002 scite
733 1942 1161 2017 observarunt,
1226 1940 1402 2002 maris
1463 1956 1686 2021 expers
1740 1939 1895 2000 idem
1944 1947 2109 2002 esset
2168 1957 2239 2002 ac
2284 1941 2657 2022 „nuptiarum
2703 1957 2820 2000 ex-

541 2043 725 2127 pers“
772 2045 949 2118 (Hor.
996 2062 1051 2107 c.
1098 2043 1190 2122 lli,
1238 2044 1339 2120 10,
1388 2040 1517 2118 11),
1563 2043 1813 2106 alterum
1859 2044 2122 2126 ineptum
2170 2051 2282 2107 est.
2327 2043 2542 2106 Verbis
2585 2041 2822 2106 difficit-

540 2148 694 2212 limis
742 2149 966 2212 Horatii
1031 2147 1200 2211 locus
1259 2154 1369 2209 sat.
1416 2145 1487 2225 ll,
1530 2146 1592 2226 8,
1642 2146 1722 2210 15
1781 2147 2031 2226 „Chium
2093 2148 2267 2210 maris
2326 2146 2590 2229 expers“
2634 2147 2821 2209 lucem

544 2251 756 2331 affert,
816 2251 974 2315 unde
1021 2251 1265 2330 Persius
1329 2251 1509 2313 verba
1569 2252 1787 2330 „maris
1834 2248 2131 2333 experS,“
2188 2270 2341 2332 quae
2386 2254 2555 2314 etiam
2603 2252 2823 2313 Horatii

539 2372 775 2419 versum
820 2355 1215 2433 concludunt,
1274 2355 1602 2418 certissime
1648 2357 1979 2438 assumpsit.
2027 2355 2148 2421 Sed
2194 2356 2341 2419 mire
2388 2357 2619 2435 evenit,
2665 2354 2825 2436 quod

541 2462 671 2545 ipsa
720 2460 943 2524 Horatii
1002 2458 1189 2523 verba
1235 2478 1266 2522 a
1313 2459 1619 2542 plerisque
1666 2478 1783 2523 non
1832 2467 1998 2524 recte
2043 2468 2180 2524 sunt
2223 2461 2528 2542 explicata.
2575 2458 2826 2540 „Chium

541 2567 720 2630 maris
767 2563 1032 2646 expers“
1079 2583 1234 2645 aqua
1282 2564 1500 2627 marina
1551 2584 1665 2627 non
1713 2574 2101 2648 temperatum
2149 2566 2516 2650 intelligunt,
2571 2564 2728 2646 quod
2775 2564 2826 2626 si

539 2669 814 2734 Horatius
861 2669 1105 2752 intelligi
1151 2670 1479 2748 voluisset,
1546 2686 1660 2732 non
1711 2677 1822 2734 tam
1883 2669 2065 2748 dure,
2125 2678 2244 2733 tam
2291 2670 2564 2752 ambigue
2613 2669 2826 2732 fuisset

540 2773 796 2838 locutus.
860 2773 1098 2849 Quanto
1158 2773 1478 2854 simplicius
1540 2792 1672 2836 cum
1733 2774 1866 2855 ipso
1911 2774 2149 2837 Horatio
2195 2773 2313 2846 (ih.
2371 2794 2426 2836 v.
2473 2774 2589 2848 117)
2638 2773 2824 2852 „citra

547 2897 711 2941 mare
770 2874 1015 2947 natum“
1061 2877 1475 2959 interpretari!
1537 2877 1723 2951 Quam
1788 2879 2039 2961 egregie
2096 2879 2299 2958 paucis
2358 2879 2561 2941 verbis
2609 2880 2826 2940 misera

541 2982 858 3061 Nasidieni,
918 2982 1127 3063 „parvi
1188 2999 1432 3065 magnos
1489 2980 1751 3061 imitati“,
1811 2981 2139 3045 divitiarum
2199 2984 2516 3047 ostentatio
2578 2982 2823 3062 ridetur,

540 3088 599 3149 in
646 3090 812 3169 cujus
873 3103 1061 3148 coena
1123 3084 1328 3148 aulaea
1388 3084 1642 3166 pulvere
1702 3086 1949 3170 gravida
1998 3088 2055 3147 in
2102 3103 2336 3150 mensas
2380 3095 2593 3165 ruunt,
2650 3106 2823 3164 „me-

539 3192 712 3255 rulae
759 3198 1006 3272 pectore
1051 3189 1257 3252 adusto
1306 3197 1366 3252 et
1412 3191 1541 3252 sine
1591 3190 1764 3253 clune
1808 3189 2156 3274 palumbes“
2201 3199 2611 3273 apponuntur,
2651 3209 2824 3272 quem

540 3297 832 3361 convivae
890 3295 1047 3358 omni
1120 3293 1513 3356 sollicitudine
1571 3293 1895 3358 districtum
1972 3290 2227 3358 vicissim
2286 3295 2560 3358 eludunt!
2622 3296 2823 3360 Heinr.

539 3408 600 3465 et
647 3399 867 3478 orell,
933 3398 1240 3482 vulgarem
1312 3399 1535 3462 Horatii
1598 3401 1921 3464 verborum
1998 3400 2543 3481 interpretationem
2614 3400 2827 3479 secuti,

539 3523 798 3586 „sapere
847 3504 1022 3567 maris
1069 3501 1333 3583 expers“
1394 3485 1680 3566 Graecam
1728 3503 2149 3585 philosophiam
2208 3503 2490 3567 insulsam
2541 3523 2609 3566 ac
2670 3503 2824 3567 deli-

536 3616 725 3672 catam
776 3607 1222 3685 intellexerunt,
1266 3606 1439 3671 Jahn.
1484 3608 1726 3685 rectiuS,
1788 3626 1904 3670 non
1949 3617 2118 3672 recte
2164 3613 2471 3694 „ingenua
2516 3609 2575 3672 vi
2621 3617 2679 3672 et
2723 3627 2828 3672 sa-
2921 3637 2922 3640 ¹

538 3713 815 3777 lubritate
862 3709 1260 3776 destitutam.“

709 3817 964 3881 Tertiam
1036 3815 1385 3879 sententiam
1450 3813 1736 3898 singulari
1813 3815 2014 3879 libello
2091 3817 2439 3899 explicatam
2506 3818 2825 3881 Meisterus

540 3924 885 4005 proposuit:
931 3921 1232 4002 Sapientia
1281 3919 1535 3996 Graeca,
1574 3935 1753 4000 quam
1799 3938 1921 3983 non
1966 3928 2030 3983 ut
2073 3922 2210 3984 olim
2259 3921 2508 3986 Athenis
2556 3923 2828 4004 petimuS,

541 4024 653 4091 sed
697 4043 852 4106 quae
911 4025 1219 4088 cismarina
1271 4024 1393 4106 jam
1457 4022 1612 4087 facta
1678 4031 1774 4085 est
1834 4041 1908 4087 ac
1949 4033 2187 4088 nostras
2232 4026 2487 4089 omnino.
2549 4026 2665 4090 Sed
2712 4026 2828 4105 illa,

540 4147 718 4212 quum
764 4130 1034 4207 Bestius,
1091 4128 1266 4191 homo
1329 4130 1591 4210 agrestis
1642 4129 1955 4209 omnisque
2005 4129 2311 4193 doctrinae
2356 4131 2552 4208 rudiS,
2609 4129 2828 4210 loqua-

541 4241 674 4311 tur,
735 4234 966 4299 doctior
1008 4242 1137 4314 est,
1196 4250 1370 4314 quam
1415 4240 1482 4296 ut
1523 4232 1767 4315 probari
1813 4234 2020 4315 possit.
2067 4233 2213 4298 Tum
2258 4235 2557 4316 quomodo
2605 4233 2827 4297 intelli-
