3246 4959
1676 266 1778 343 32

584 460 653 523 V.
675 457 779 525 42.
811 459 1018 524 Gran
1038 457 1076 522 d
1096 475 1201 536 es,
1234 456 1394 540 quod
1420 458 1597 523 Jahn.
1621 458 1683 520 in
1703 457 1799 521 ed.
1832 456 1968 521 min.
1994 456 2352 538 reprobavit,
2375 456 2580 520 Herm.
2609 456 2770 520 Lect.
2800 454 2863 518 P.

585 562 652 641 ll,
690 563 791 626 26.
840 562 1027 643 praef.
1075 580 1131 643 p.
1185 560 1319 624 xlv
1361 561 1520 626 bene
1567 560 1857 626 defendit.
1907 593 1984 603 —
2036 561 2103 623 V.
2148 561 2255 623 45.
2296 558 2471 633 Quod
2519 559 2576 621 in
2624 558 2862 639 optimis
2938 581 2943 585 ·

589 675 650 730 et
693 667 1115 747 antiquissimis
1177 664 1352 728 codd.
1416 666 1633 751 legitur
1693 666 2058 730 accersis
2119 664 2253 727 mibi
2300 682 2430 726 cum
2490 664 2691 727 Herm.
2754 661 2860 735 (cf.

585 771 652 834 L.
698 772 760 833 P.
806 768 897 848 ΙΙΙ,
942 789 1002 852 p.
1055 766 1167 843 10)
1214 770 1589 832 retinendum
1639 769 1893 849 videtur,
1937 787 2114 850 quum
2161 766 2640 849 Persiustvcrbis
2688 766 2863 830 forti-

585 874 699 937 bus
745 874 841 937 vel
883 874 1139 955 antiquis
1201 881 1263 937 et
1317 873 1603 937 obsoletis
1659 872 1992 937 delectetur
2051 880 2113 936 et
2169 872 2343 936 etiam
2406 871 2522 934 alio
2578 872 2713 935 loco
2760 872 2864 945 (V,

595 979 750 1054 172)
797 997 878 1041 cx
921 977 1193 1041 omnibus
1239 976 1369 1040 fere
1426 976 1606 1039 codd.
1675 994 2065 1040 accersor
2107 985 2276 1040 recte
2322 977 2635 1059 scribatur.
2723 976 2867 1039 Veri

591 1082 781 1146 simile
827 1089 953 1158 est,
1009 1080 1118 1145 sed
1181 1099 1299 1143 non
1345 1081 1759 1162 exploratum,
1827 1080 1989 1162 quod
2052 1079 2563 1164 Stuerenburgius
2624 1081 2867 1162 (progr.

595 1205 799 1271 gymn.
845 1185 1119 1269 Hildbgb.
1165 1204 1220 1248 a.
1268 1183 1464 1256 1839)
1489 1185 1711 1262 statuit,
1755 1203 2070 1248 accersere
2101 1185 2372 1265 vocandi,
2416 1202 2731 1250 arcessere
2758 1201 2868 1246 ac-

593 1289 836 1353 cusandi
898 1291 1016 1352 vim
1083 1289 1321 1351 habere.
1389 1320 1455 1333 —
1527 1289 1597 1351 V.
1652 1288 1759 1351 47.
1806 1290 2219 1353 Accusativum
2296 1290 2687 1368 flammas,
2745 1303 2867 1368 quo

591 1412 692 1457 res
757 1394 888 1476 ipsa
949 1394 1123 1474 quasi
1180 1410 1468 1475 praesens
1529 1393 1642 1456 sub
1687 1394 1897 1456 oculos
1957 1392 2293 1476 subjicitur,
2351 1411 2510 1457 nunc
2579 1391 2869 1457 triumviri

514 1551 519 1556 ,
590 1497 759 1561 Jahn.
789 1498 984 1560 Herm.
1015 1497 1221 1560 Heinr.
1265 1504 1523 1563 tuentur.
1560 1529 1631 1539 ·-
1661 1497 1731 1560 V.
1778 1495 1889 1584 51.
1930 1498 2431 1570 Emendationem,
2464 1517 2635 1581 quam
2668 1497 2867 1559 Herm.

593 1603 911 1685 proposuit
955 1600 1471 1684 (Allg.Scbulztg.
1520 1599 1724 1674 1833)
1787 1599 2058 1681 „fundo“
2105 1602 2366 1683 suspiret
2417 1619 2734 1681 „nummus
2805 1599 2868 1661 in

602 1703 763 1769 imo“
812 1711 921 1776 (sc.
965 1708 1115 1783 est),
1162 1705 1371 1767 vellem
1435 1722 1736 1786 nunquam
1793 1706 2223 1788 excogitasset.
2311 1705 2610 1769 Audacius
2669 1705 2749 1767 illi
2796 1702 2870 1764 de

598 1827 840 1873 nummo
900 1808 1115 1872 dictum
1160 1809 1494 1887 videbatur,
1554 1807 1716 1889 quod
1762 1808 1835 1870 de
1880 1809 2116 1872 homine
2173 1809 2286 1874 dici
2333 1810 2619 1888 debebat,
2684 1816 2743 1871 at
2786 1806 2867 1870 cf.

595 1933 649 1980 v.
699 1915 739 1976 5
803 1914 1012 1992 „tacita
1056 1911 1329 1991 acerra“,
1374 1911 1481 1993 ΙΙΙ,
1525 1911 1609 1975 39
1670 1921 2065 1996 „gemuerunt
2111 1913 2309 1994 aera“,
2341 1913 2446 1995 ΙΙΙ,
2486 1914 2567 1977 92
2598 1912 2871 1992 „modice

596 2019 830 2083 sitienta
862 2015 1137 2100 lagena“,
1183 2016 1272 2093 ΙΙΙ,
1301 2016 1385 2081 53
1430 2018 1719 2099 „sapiens
1763 2016 2090 2098 porticus“,
2134 2020 2291 2099 apud
2325 2018 2473 2085 alios
2519 2025 2728 2100 poetas
2773 2016 2870 2078 in-

594 2139 836 2185 numera
881 2122 1009 2185 alia.
1056 2122 1245 2196 Quam
1283 2121 1608 2203 praeclara,
1655 2138 1798 2184 vere
1831 2121 2124 2200 Persiana,
2167 2141 2315 2186 vere
2353 2124 2583 2206 poetica
2628 2119 2871 2183 delere-

594 2234 691 2290 tur
734 2227 957 2310 imag03
1026 2243 1195 2307 quam
1242 2225 1447 2305 jocosa
1503 2225 1720 2287 nummi
1765 2226 1824 2287 in
1876 2244 2053 2290 arcae
2097 2225 2281 2291 fundo
2326 2228 2400 2292 ab
2446 2228 2716 2290 omnibus
2760 2243 2871 2289 so-

595 2330 701 2393 ciis
746 2329 1015 2393 derelicti
1076 2337 1136 2393 et
1181 2329 1430 2393 salutem
1488 2328 1861 2411 desperantis
1905 2330 2179 2411 querela!
2237 2331 2350 2405 (cf.
2391 2332 2528 2395 Juv.
2574 2330 2687 2411 Vl,
2747 2326 2872 2395 363

597 2434 804 2514 „velut
848 2434 1138 2498 exhausta
1184 2433 1484 2498 recidivus
1530 2433 1778 2517 pullulet
1806 2453 1944 2499 arca
1973 2435 2251 2500 Nummus
2298 2444 2359 2501 et
2401 2482 2419 2500 .
2469 2434 2559 2512 .“)

772 2538 840 2603 V.
890 2539 991 2600 54.
1036 2539 1237 2603 Heinr.
1284 2547 1342 2601 et
1384 2539 1555 2602 Jahn.
1602 2548 1765 2602 recte
1809 2542 2209 2618 „excutiat
2254 2541 2466 2613 (Bentl.
2513 2540 2586 2604 ad
2630 2540 2771 2603 Hor.
2818 2555 2871 2601 c.

600 2642 667 2707 ΙΙ.
732 2646 789 2715 7,
847 2642 887 2704 6
933 2633 1224 2719 excutiet)
1271 2644 1670 2724 scripserunt,
1716 2644 1875 2725 quod
1935 2644 2269 2708 Hermanno
2316 2644 2541 2726 (praef.
2573 2643 2660 2726 p.
2705 2642 2870 2717 XIV)

598 2748 787 2809 minus
817 2748 1053 2830 poetice
1082 2745 1298 2810 dictum
1328 2747 1583 2827 videtur,
1615 2748 2004 2828 „praesertim
2041 2767 2219 2829 quum
2254 2768 2293 2831 p
2313 2757 2585 2813 ectore
2625 2749 2876 2824 laevo,

597 2852 647 2912 si
692 2867 830 2913 cor
875 2852 1118 2932 proprie
1176 2851 1557 2935 intelligatur,
1600 2850 1924 2916 abundet.“
1967 2853 2046 2916 At
2088 2853 2228 2915 illud
2271 2854 2426 2935 apud
2472 2861 2706 2936 poetam
2750 2868 2873 2912 non

601 2954 863 3018 abundat
907 2963 986 3033 et,
1032 2955 1194 3036 quod
1232 2957 1353 3038 Jam
1399 2975 1475 3018 ex
1520 2975 1589 3019 se
1636 2956 2012 3038 intelligitur,
2057 2962 2123 3019 ut
2167 2975 2298 3019 cor
2342 2958 2588 3041 proprie
2651 2954 2875 3019 intelli-

597 3077 807 3142 gamus
844 3059 1034 3141 jubet.
1083 3060 1452 3123 Hermannus
1497 3079 1684 3142 prava
1728 3059 2082 3125 scholiastae
2116 3061 2604 3144 interpretatione
2651 3061 2874 3141 („pect.

598 3163 803 3241 laevo,
871 3181 928 3244 p.
992 3161 1223 3237 malo“)
1287 3164 1342 3225 in
1389 3164 1590 3227 miram
1653 3163 1808 3226 illam
1860 3166 2208 3229 sententiam
2268 3167 2361 3241 (L.
2409 3165 2467 3228 P.
2514 3163 2607 3241 lll,
2653 3181 2710 3244 p.
2754 3161 2874 3234 28)

601 3266 893 3330 adductus
938 3273 1070 3329 estt
1117 3266 1345 3345 „Homo
1391 3271 1448 3330 in
1478 3267 1904 3352 synecdochen
1951 3288 2057 3333 cor
2084 3270 2432 3352 appellatur,
2478 3271 2612 3349 quia
2660 3265 2877 3343 omnia,

602 3391 756 3453 quae
803 3371 878 3434 de
925 3388 1005 3434 eo
1052 3372 1492 3453 praedicantur,
1536 3371 1736 3436 cordis
1781 3375 2173 3438 commotione
2218 3373 2380 3451 fiunt,
2425 3372 2589 3454 quod
2637 3388 2715 3435 eo
2760 3371 2877 3433 mi-

605 3494 717 3540 nus
763 3474 1077 3540 offendere
1126 3485 1347 3558 potest,
1391 3494 1513 3558 quo
1539 3477 1758 3540 clarius
1788 3478 1916 3559 ipse
1961 3478 2200 3541 Persius
2229 3477 2326 3556 VI,
2376 3476 2455 3541 10
2508 3495 2654 3555 „cor
2686 3469 2876 3539 Enni“

605 3581 1154 3662 circumscriptione
1174 3599 1316 3644 usus
1336 3580 1493 3644 est.“
1525 3580 1728 3644 Lectio
1756 3583 2099 3645 excutias
2122 3582 2242 3665 jam
2276 3601 2352 3645 eo
2374 3581 2684 3660 refutatur,
2715 3577 2877 3660 quod

604 3692 845 3769 „guttas
890 3682 1218 3748 excutere“
1264 3685 1501 3748 omnino
1548 3685 1660 3749 dici
1706 3703 1824 3748 non
1869 3692 2095 3766 potest,
2141 3687 2339 3750 excuti
2384 3686 2464 3748 illi
2508 3693 2710 3767 guttae
2754 3684 2792 3747 i.
2820 3701 2877 3747 e.

605 3789 884 3854 lacrimae
930 3797 1094 3852 recte
1139 3789 1436 3868 dicuntur,
1481 3791 1575 3853 cui
1625 3808 1768 3871 prae
1813 3789 2136 3871 cupiditate
2182 3797 2242 3853 et
2284 3789 2523 3852 avaritia
2569 3806 2724 3867 „cor
2755 3803 2878 3850 non

603 3895 715 3958 rite
762 3890 932 3957 salit“
981 3892 1110 3972 (ΙΙΙ,
1160 3892 1329 3964 111).
1374 3894 1628 3962 Sudoris
1674 3902 1877 3978 guttae
1921 3893 2168 3976 intelligi
2213 3912 2332 3958 non
2379 3900 2653 3975 possunt,
2699 3909 2878 3973 quum

597 4000 714 4082 Jam
758 3997 1002 4061 sudes
1060 3997 1396 4076 antecedat,
1442 3998 1551 4061 nisi
1607 4004 1761 4079 part.
1822 4005 1895 4061 et
1938 4006 2092 4080 part.
2154 4005 2233 4061 ut
2292 4005 2517 4061 mutare
2575 3996 2747 4060 veliS.
2798 4027 2876 4038 --

605 4103 677 4167 V.
723 4104 828 4166 55.
874 4102 1157 4165 Aurum
1203 4109 1521 4166 ovatum
1568 4101 1775 4166 durius
1805 4102 2020 4166 dictum
2052 4102 2429 4180 infamarunt3
2476 4102 2587 4166 sed
2612 4101 2882 4165 similiter

610 4206 860 4272 Ovidius
904 4208 1020 4282 (ex
1061 4207 1246 4271 Ponto
1289 4206 1357 4290 ll,
1402 4207 1464 4289 1,
1506 4205 1617 4280 41)
1676 4225 1884 4272 aurum
1946 4206 2535 4290 triumphatum,
2595 4205 2880 4270 audacius
2953 4197 2956 4198 ⁷
