3246 4959
1613 281 1714 358 10

523 470 841 535 destitutae
903 472 964 535 in
1006 490 1168 536 mera
1211 470 1480 536 convicia
1545 470 1714 535 abire
1757 469 2053 536 videntur.
2100 469 2208 536 -At
2250 470 2413 553 quod
2455 470 2799 555 philosophi

529 585 590 641 et
634 584 849 658 poetae
911 576 1182 641 didactici
1242 578 1397 642 vitae
1455 575 1769 640 honestate
1828 575 2290 641 commendanda
2344 583 2406 641 et
2465 577 2804 659 praeceptis

526 681 761 744 virtutis
822 680 1117 744 tradendis
1163 688 1491 761 quaerunt,
1532 679 1691 744 idem
1737 687 1913 762 poeta
1957 681 2230 745 satiricus
2274 680 2387 745 sibi
2430 681 2802 764 propositum

531 785 726 864 habet,
769 784 877 848 sed
915 784 1082 849 aliam
1144 785 1246 850 ille
1291 786 1443 849 viam
1497 785 1813 868 ingressus
1857 784 2161 866 improbos
2217 802 2419 849 mores
2461 785 2802 869 reprehen-

537 890 641 968 dit,
683 889 917 953 scelera
960 890 1225 974 flagellat
1267 897 1328 953 et
1372 890 1708 971 „inspicere
1754 896 2047 972 tamquam
2090 889 2153 953 in
2196 888 2505 972 speculum
2547 891 2608 954 in
2650 890 2801 956 vitas

527 992 827 1058 omnium“
867 993 1048 1074 iubet.

697 1098 1064 1181 magnopere
1122 1098 1305 1181 igitur
1348 1103 1584 1176 errant,
1642 1097 1746 1187 qui
1813 1114 2117 1180 personae
2174 1105 2371 1162 utrum
2431 1116 2619 1164 verae
2663 1099 2801 1179 sint,

525 1220 598 1265 an
644 1201 816 1265 fictae
835 1245 853 1281 ,
909 1202 983 1265 ad
1028 1221 1238 1266 verum
1282 1211 1478 1267 tamen
1523 1219 1888 1285 expressae,
1946 1203 2201 1267 immane
2243 1210 2524 1285 quantum
2567 1202 2800 1269 referre

537 1325 895 1388 omnemque
951 1307 1170 1371 satirici
1216 1315 1399 1370 artem
1445 1308 1504 1368 in
1564 1306 1819 1391 singulis
1865 1306 2196 1370 hominihus
2251 1305 2602 1372 infamandi·
2644 1322 2802 1371 con-

531 1411 682 1493 spici
727 1418 955 1493 putant,
998 1410 1160 1492 quod
1206 1411 1363 1492 mihi,
1406 1410 1540 1474 dum
1588 1429 1699 1491 per
1730 1418 1999 1492 tempora
2044 1410 2240 1489 liceat,
2283 1413 2540 1476 omnium
2584 1410 2800 1475 facilli-

530 1533 681 1578 mum
729 1513 978 1578 videtur.
1040 1514 1260 1578 Rerum
1304 1514 1596 1595 inopiam,
1652 1532 1768 1596 qua
1814 1514 2050 1578 satiram
2110 1513 2365 1579 debilem
2411 1522 2474 1580 et
2516 1533 2800 1579 enervem

528 1618 700 1683 reddi
746 1618 1143 1703 intelligebat,
1199 1618 1443 1682 Persius
1501 1618 1794 1700 exemplis
1855 1637 1890 1682 e
1934 1618 2050 1682 vita
2095 1620 2390 1684 communi
2435 1619 2633 1703 petitis
2677 1636 2800 1702 op·-

526 1724 663 1788 time
706 1724 1147 1806 compensavit,
1202 1740 1358 1802 quae
1401 1730 1776 1805 quantopere
1820 1724 2030 1787 satiras
2074 1724 2210 1788 eius
2254 1731 2555 1789 exornent
2591 1739 2801 1788 omnes

524 1846 640 1891 una
684 1845 840 1892 voce
868 1827 1235 1910 praedicant.
1279 1826 1373 1891 Ad
1417 1828 1660 1893 satiram
1704 1827 1857 1890 illam
1902 1827 2154 1911 rigidam
2196 1835 2258 1893 et
2299 1845 2598 1906 severam,
2641 1845 2803 1909 qua·-

528 1932 640 1995 lem
682 1931 988 1995 Juvenalis
1031 1932 1291 2014 scripsit,
1329 1932 1534 1995 Persio
1581 1950 1703 1996 non
1746 1933 1971 2015 ingenii
2015 1933 2186 1998 dotes
2230 1932 2592 2012 defuerunt,
2635 1929 2801 2013 quod

527 2036 787 2099 nonnulli
831 2037 1273 2114 existimarunt,
1331 2035 1440 2099 sed
1499 2036 1592 2099 illa
1641 2036 1815 2100 animi
1871 2035 2093 2101 duritas
2154 2044 2214 2100 et
2272 2037 2620 2114 acrimonia,
2681 2052 2801 2117 qua

527 2140 661 2221 quis
704 2139 778 2204 ad
824 2141 1038 2204 satirae
1082 2141 1248 2203 virus
1294 2141 1692 2203 evomendum
1735 2140 1999 2204 irritatur
2041 2148 2104 2204 et
2146 2140 2524 2224 propellitur.
2567 2140 2800 2205 Morum

528 2243 657 2323 fuit,
700 2251 765 2307 ut
803 2245 863 2307 in
915 2245 1035 2309 vita
1083 2252 1390 2321 narratur,
1444 2244 1916 2325 lenissimorum,
1961 2244 2038 2308 ad
2082 2262 2274 2327 quos,
2334 2262 2513 2327 quum
2567 2250 2799 2328 patrem

518 2351 639 2431 jam
696 2366 848 2432 puer
889 2350 1254 2429 amississet,
1313 2349 1770 2413 conformandos
1829 2349 2030 2412 matris
2082 2348 2391 2427 educatio,
2451 2349 2680 2413 sororis
2738 2353 2803 2411 et

526 2453 742 2519 amitae
786 2471 928 2517 usus
973 2452 1332 2518 domesticus
1377 2452 1617 2517 multum
1662 2453 1926 2518 attulisse
1971 2453 2260 2517 videntur.
2347 2452 2585 2519 Indole·
2628 2450 2803 2518 animi

524 2558 654 2640 ejus
697 2558 828 2622 talis
886 2566 1058 2638 erat,
1118 2566 1183 2622 ut
1240 2576 1485 2641 semper
1540 2556 1886 2622 sublimiora
1952 2565 2266 2642 appeteret
2337 2560 2653 2639 omniaque
2726 2556 2800 2621 ad

529 2681 811 2725 summam
857 2661 1266 2743 philosophiae
1294 2661 1542 2727 formam
1588 2663 1971 2744 speciemque
1998 2662 2328 2747 redigeret.
2375 2662 2577 2737 Quare
2619 2678 2802 2744 quum

524 2766 595 2830 ad
634 2767 814 2829 vitam
875 2783 1241 2830 communem
1267 2813 1286 2847 ,
1347 2768 1504 2831 vitiis
1559 2767 1839 2849 pollutam
1903 2773 1964 2831 et
2020 2766 2080 2829 in
2126 2767 2297 2849 pejus
2340 2774 2637 2844 mutatam,
2678 2782 2803 2829 non

523 2872 634 2934 nisi
694 2888 880 2954 aegre
939 2870 1281 2950 descendat,
1341 2879 1508 2934 recte
1554 2870 1825 2935 dubitare
1867 2871 2006 2935 mihi
2050 2870 2295 2950 videor,
2355 2888 2491 2935 num
2539 2871 2802 2946 Persius,

526 2976 578 3039 si
624 2976 704 3038 illi
748 2974 987 3060 longior
1033 2983 1198 3039 aetas
1257 2976 1678 3058 suppetiisset,
1736 2976 1949 3040 satiras
1992 2975 2258 3039 scribere
2303 2981 2803 3057 perseveraturus
2841 2979 2847 2986 '

530 3078 726 3143 suerit.
769 3080 832 3145 si
876 3079 989 3142 alio
1035 3087 1307 3162 tempore
1333 3080 1603 3159 vixisset,
1648 3078 1803 3143 haud
1850 3079 2030 3144 dubie
2075 3080 2334 3158 satiram,
2386 3097 2561 3161 quam
2606 3097 2640 3143 a
2674 3078 2802 3144 Lu·

527 3182 663 3246 cilio
699 3201 915 3247 recens
954 3185 1235 3265 arripuit,
1292 3202 1586 3265 nunquam
1646 3183 1959 3268 attigisset,
2002 3183 2360 3247 carminibus
2414 3182 2664 3266 idyllicis
2708 3183 2805 3246 vel

532 3288 835 3372 elegiacis,
881 3289 1095 3369 quibus
1155 3306 1362 3352 omnes
1406 3288 1631 3371 ingenii
1678 3288 1876 3352 fontes
1941 3287 2297 3366 recludere,
2342 3304 2552 3351 omnes
2596 3288 2804 3368 poesis

528 3392 715 3456 flores
760 3393 998 3474 aperire
1041 3400 1294 3475 poterat,
1332 3392 1601 3456 dolorem
1648 3393 1821 3456 animi
1865 3391 2186 3456 effusurus.
2238 3390 2359 3458 Sed
2416 3409 2598 3473 quum
2645 3391 2804 3471 vitia,

526 3514 686 3579 quae
728 3497 985 3559 Neronis
1029 3504 1221 3560 aetate
1264 3495 1724 3582 grassabantur,
1772 3496 1831 3559 in
1876 3494 2007 3559 dies
2050 3496 2225 3559 latius
2271 3494 2495 3559 effundi
2540 3502 2605 3559 et
2646 3513 2802 3559 eva-

527 3601 657 3683 gari
702 3601 929 3664 videret
965 3603 1210 3684 jamque
1233 3603 1627 3664 imminentem
1658 3617 1888 3662 morum
1933 3619 2004 3664 ac
2036 3602 2313 3664 virtutum
2338 3600 2567 3664 ruinam
2611 3600 2803 3663 animo

530 3706 929 3787 prospiceret,
965 3707 1207 3788 juvenis
1238 3706 1660 3768 sanctimoniae
1705 3703 2025 3786 singularis
2070 3723 2141 3769 se
2182 3704 2489 3768 continere
2526 3722 2644 3767 non
2691 3720 2803 3785 po-

531 3810 660 3888 tuit,
704 3810 845 3891 quin
901 3811 1100 3873 satiris
1145 3808 1473 3874 scribendis
1521 3809 1774 3872 animum
1820 3816 2111 3872 moestum
2157 3826 2229 3871 ac
2272 3808 2586 3872 sollicitum
2632 3808 2804 3872 leva-

529 3920 643 3976 ret.
691 3913 782 3975 De
826 3913 1076 3977 edendis
1107 3914 1321 3991 satiris,
1366 3930 1541 3994 quum
1578 3930 1686 3976 eas
1721 3913 2034 3985 scriberet,
2078 3931 2155 3976 ne
2200 3913 2499 3996 cogitasse
2543 3911 2805 3993 quidem,

534 4035 738 4079 verum
783 4019 1064 4097 aequiora
1112 4026 1382 4099 tempora
1444 4024 1802 4098 exspectare
1860 4017 1919 4080 in
1966 4018 2160 4081 animo
2219 4016 2503 4081 habuisse
2549 4015 2806 4095 videtur,

531 4120 641 4185 sed
686 4129 875 4185 morte
921 4124 1053 4204 ejus
1099 4130 1474 4204 praematura
1519 4122 1740 4185 factum
1784 4129 1896 4199 est,
1941 4130 2006 4184 ut
2048 4122 2265 4185 satirae
2325 4119 2703 4202 imperfectae
2745 4120 2808 4184 in

533 4226 852 4291 amicorum
898 4245 1107 4291 manus
1152 4228 1440 4293 venirent.
1498 4225 1807 4291 Praeclare
1853 4225 1919 4290 C.
1962 4225 2024 4289 F.
2069 4227 2440 4290 Hermannus
2483 4223 2701 4308 (praef.
2742 4242 2803 4308 p.
