3246 4959
1381 697 1678 764 Satira
1723 701 2008 764 sexta.

716 888 992 953 Nonnulli
1063 889 1242 973 hujus
1303 889 1555 968 satirae,
1632 909 1750 973 qua
1806 906 2067 974 „parcus
2129 891 2207 954 ob
2283 891 2524 957 heredis
2580 889 2826 956 curam“

548 994 724 1069 (Hor.
772 1012 909 1076 epp.
955 992 1000 1073 1,
1045 994 1108 1074 5,
1155 992 1263 1064 13)
1312 996 1528 1059 acerbe
1571 993 1914 1079 castigatur,
1960 995 2073 1059 loci
2120 1003 2238 1059 tam
2268 996 2529 1060 difficiles
2573 1004 2710 1061 sunt
2752 996 2825 1061 ad

548 1096 985 1181 explicandum,
1030 1104 1090 1160 ut
1135 1098 1494 1179 interpretes
1540 1100 1597 1161 in
1645 1099 1756 1178 illis
1802 1100 2007 1163 mirum
2052 1100 2111 1162 in
2138 1100 2375 1164 modum
2404 1100 2828 1181 laboraverint,
2941 1116 2944 1117 *

551 1220 666 1266 nec
723 1219 874 1267 vero
936 1202 1129 1266 omnia
1192 1202 1629 1284 expediverint.
1722 1204 1943 1268 Omnes
1996 1203 2058 1266 in
2114 1206 2440 1270 contrarias
2500 1206 2827 1270 sententias

549 1304 972 1385 distrahuntur,
1017 1314 1080 1369 ut
1135 1307 1234 1370 vix
1277 1309 1586 1390 quisquam
1632 1311 2002 1393 reperiatur,
2061 1309 2160 1390 qui
2205 1327 2339 1373 cum
2385 1309 2628 1391 reliquis
2672 1327 2827 1373 con-

546 1411 780 1474 sentiat.
870 1411 1072 1485 Quare
1141 1430 1272 1475 cum
1320 1412 1399 1475 illi
1460 1413 1597 1476 mihi
1661 1431 1780 1477 non
1825 1413 1984 1476 omni
2042 1431 2120 1477 ex
2180 1421 2350 1494 parte
2414 1414 2829 1493 satisfecerint,

549 1513 683 1577 dum
748 1533 882 1578 meo
947 1514 1162 1596 judicio
1208 1524 1346 1578 utor
1402 1517 1636 1599 integro
1683 1525 1742 1580 et
1789 1517 2165 1598 incorrupto,
2221 1535 2374 1598 quae
2432 1536 2576 1580 vera
2622 1517 2827 1596 Persii,

545 1636 667 1682 non
712 1620 1098 1701 interpretum
1146 1638 1316 1683 mens
1363 1619 1572 1698 fuerit,
1622 1620 1935 1704 diligenter
1980 1621 2276 1702 quaesivi,
2339 1638 2460 1702 quo
2504 1639 2643 1685 num
2689 1620 2828 1703 quid

548 1722 928 1805 profecerim,
974 1724 1284 1788 doctorum
1328 1725 1405 1787 sit
1450 1725 1826 1790 existimatio.

722 1827 925 1892 Statim
987 1847 1047 1890 v.
1102 1825 1140 1890 3
1206 1827 1638 1891 difficultatibus
1705 1827 2048 1892 obstructus
2106 1836 2231 1908 est,
2297 1847 2455 1911 quae
2510 1828 2825 1896 vocabulis

551 1933 783 1995 mutatis
828 1950 945 1996 non
989 1931 1412 2016 infringuntur.
1487 1933 1741 1996 Primum
1810 1933 2222 1997 Lucretianum
2268 1933 2405 1997 illud
2464 1933 2830 2014 „primordia

548 2034 867 2116 rerum“,
909 2036 1068 2119 quod
1115 2037 1277 2116 Csb.,
1322 2037 1540 2116 Heinr.,
1586 2037 1682 2101 alii
1724 2046 2188 2119 proposuerunt,
2247 2038 2516 2121 plerique
2564 2036 2830 2103 editores

546 2141 686 2222 jnre
731 2139 1089 2218 rejecerunt.
1137 2139 1324 2207 Orell.
1370 2161 1547 2224 quum
1595 2143 1805 2225 ,‚prim.
1847 2139 2090 2205 rerum“
2136 2150 2303 2205 recte
2350 2141 2483 2221 dici,
2528 2160 2647 2205 non
2689 2142 2827 2205 item

551 2253 858 2323 „veterum
904 2249 1072 2328 prim.
1118 2245 1362 2311 rerum“
1409 2249 1754 2326 monuisset,
1825 2247 2024 2311 Heinr.
2070 2246 2256 2310 verba
2301 2246 2607 2326 „numeris
2650 2251 2828 2307 vete-

552 2347 725 2413 rum“
771 2351 1114 2433 conjunxit,
1160 2351 1360 2434 quod,
1408 2353 1515 2415 nisi
1561 2370 1632 2415 re
1679 2352 1842 2434 ipsa,
1893 2352 2016 2434 jam
2061 2369 2315 2415 caesura
2360 2350 2670 2415 refellitur.
2716 2348 2830 2413 Alii

548 2463 710 2535 „vet
756 2456 924 2538 prim.
969 2452 1229 2520 vocum“
1292 2456 1369 2519 ita
1416 2462 1556 2520 sunt
1601 2456 2000 2538 interpretati,
2045 2463 2108 2519 ut
2152 2456 2398 2520 Bassum
2443 2472 2545 2519 res
2591 2461 2832 2536 etymo-³·

549 2559 781 2643 logicas
826 2561 1098 2624 versibus
1144 2568 1433 2626 tractasse
1480 2551 1846 2637 statuerent3
1891 2559 2180 2643 ejusmodi
2226 2576 2461 2648 carmen
2487 2559 2832 2642 grammati-

552 2682 661 2727 cus
707 2665 918 2746 aliquis
967 2665 1320 2743 confecerit,
1365 2683 1486 2729 non
1532 2666 1653 2744 ille,
1700 2684 1874 2748 quem
1914 2665 2107 2729 solum
2155 2663 2542 2738 Quintilianus
2589 2663 2831 2726 Horatio

555 2787 758 2850 parem
795 2770 1100 2853 Judicavit.
1147 2769 1265 2835 Sed
1312 2770 1404 2835 fac
1448 2771 1604 2834 illum
1649 2772 1824 2861 animi
1868 2788 2050 2833 causa
2090 2770 2603 2852 grammaticorum
2647 2785 2834 2850 prae-

554 2881 727 2956 cepta
772 2875 1053 2939 versibus
1098 2875 1428 2953 tradidisse,
1476 2894 1675 2939 nonne
1720 2876 2040 2957 permirum
2081 2881 2267 2952 esset,
2313 2872 2575 2936 Persium
2616 2877 2832 2953 poetae

555 2978 665 3041 sibi
720 2979 1055 3042 amicissimi
1117 2979 1328 3043 laudes
1384 2979 1780 3043 celebrantem
1845 2978 1980 3042 talia
2042 2997 2076 3041 a
2131 2977 2304 3060 poesi
2364 2995 2535 3057 quam
2581 2975 2831 3038 maxime

551 3091 781 3147 remota
828 3101 1316 3163 commemorare,
1361 3101 1563 3147 nonne
1609 3100 1864 3165 prorsus
1907 3082 2192 3163 ineptum,
2237 3080 2395 3143 illum
2427 3097 2535 3144 res
2579 3086 2692 3142 tam
2735 3078 2835 3142 le-

553 3206 658 3250 ves
704 3188 908 3251 verbis
952 3189 1244 3273 gravibus
1299 3208 1369 3251 ac
1416 3188 1547 3252 fere
1596 3185 2011 3268 grandiloquis
2071 3184 2287 3248 efferre
2333 3184 2675 3267 „nugisque
2718 3181 2834 3246 ad-

551 3292 696 3354 dere
742 3290 1068 3373 pondus“?
1117 3294 1279 3357 Bene
1324 3293 1438 3356 hoc
1506 3290 1812 3356 Weberus
1860 3289 2186 3372 perspexit,
2232 3289 2332 3370 qui
2377 3288 2484 3351 tria
2521 3287 2689 3351 Bassi
2733 3286 2833 3368 ly·

552 3398 708 3459 ricae
737 3399 944 3481 poesis
981 3405 1353 3482 argumenta,
1397 3397 1709 3476 „virorum
1745 3394 1979 3457 fortium
2018 3394 2305 3464 encomia,
2341 3394 2633 3475 Juvenum
2665 3408 2836 3453 amo·

551 3520 653 3565 res
699 3511 759 3565 et
815 3503 1101 3566 honestos
1164 3502 1599 3564 convivantium
1660 3518 1870 3563 senum
1919 3495 2138 3580 jocos“
2196 3496 2450 3560 describi
2506 3494 2835 3559 affirmavit.

552 3604 659 3668 lllo
705 3608 998 3690 „juvenes
1036 3608 1268 3690 agitare
1308 3602 1522 3688 jocos“
1569 3604 1771 3685 poesis
1803 3602 2082 3666 amatoria
2129 3602 2337 3673 (Monti
2383 3593 2589 3679 „amor
2613 3600 2836 3683 giova-

555 3709 731 3786 nili“)
780 3711 1169 3792 describitur3
1217 3710 1473 3775 fortasse
1503 3728 1640 3773 voc.
1686 3708 1997 3770 lusisse
2041 3707 2219 3770 satira
2251 3705 2632 3790 significatur,
2676 3700 2837 3785 quod

556 3817 690 3880 loco
736 3817 909 3880 simili
973 3819 1044 3896 V,
1097 3816 1175 3880 16
1222 3815 1682 3898 comprobatur:
1761 3814 2032 3891 „Doctus
2088 3819 2148 3874 et
2205 3812 2544 3894 ingenuo
2603 3808 2836 3889 culpam

556 3921 823 4004 deligere
870 3918 1079 3984 ludo.“
1141 3920 1389 3983 Bassum
1454 3919 1629 3981 etiam
1688 3917 1921 3979 satiram
1982 3923 2276 3994 tentasse,
2342 3931 2458 3975 non
2502 3911 2580 3974 ita
2625 3910 2835 3972 mirum

553 4034 664 4105 est,
708 4044 886 4107 quum
933 4035 1181 4090 veteres
1228 4031 1439 4107 poetae
1479 4042 1658 4086 unum
1725 4021 1959 4103 quidem
2016 4021 2336 4083 carminum
2397 4032 2594 4101 genus
2640 4030 2840 4077 exco-

552 4132 789 4209 luerint,
835 4131 942 4195 sed
988 4130 1096 4193 alia
1144 4147 1390 4212 qnoque
1436 4146 1682 4211 genera,
1726 4127 1788 4188 in
1834 4125 2055 4207 quibus
2098 4123 2320 4206 ingenii
2363 4122 2527 4184 vires
2572 4136 2837 4181 exerce-

554 4242 707 4315 rent,
751 4233 1068 4318 attigerint.
1127 4233 1302 4309 Quod
1351 4232 1587 4316 singula
1636 4232 1875 4311 attinet,
1941 4248 2057 4291 non
2104 4226 2276 4290 facile
2322 4224 2452 4307 quis
2499 4221 2836 4285 Heinrichio
