3246 4959
1693 289 1793 366 48

606 484 758 542 tatus
810 485 903 541 est
960 494 1150 562 „ager
1207 474 1396 559 probe
1438 474 1631 540 cultus
1693 483 1754 540 et
1810 485 2098 560 purgatus
2143 496 2180 541 a
2221 477 2516 560 lapidibus
2532 474 2595 558 ,“
2638 479 2739 560 qui
2783 478 2886 560 illi,

609 600 790 663 quum
836 589 1041 646 cetera
1085 580 1553 662 consumpserit,
1611 579 1879 643 subsidio
1937 582 2029 645 sit.
2082 581 2211 645 Jam
2257 581 2447 646 adeo
2509 601 2705 664 neque
2751 602 2918 647 cum·

612 685 810 750 Heinr.
858 685 1107 750 verbum
1155 683 1553 764 existimabis,
1597 702 1794 765 neque
1837 704 1973 749 cum
2017 687 2219 750 Herm.
2280 694 2340 749 et
2380 686 2593 750 Jahnio
2639 689 2733 760 (in
2782 688 2880 751 ed.

610 790 784 862 min.)
815 829 819 833 -
848 789 922 853 ad
967 809 1022 853 v.
1071 796 1391 852 exossatus
1435 787 1732 865 referes..
1773 788 1937 852 Non
1984 788 2167 852 adeo
2222 791 2408 854 verba
2463 799 2600 854 sunt
2641 791 2884 856 heredis

608 894 806 958 timide
852 893 1271 975 respondentis
1317 901 1379 956 et
1422 893 1602 956 invite
1651 892 1819 956 alteri
1864 893 2285 975 concedentis,
2341 894 2504 976 quod
2551 893 2701 958 illius
2747 913 2884 959 mo-

604 998 771 1061 ribus
819 1007 1017 1079 aptum
1063 999 1234 1061 etiam
1281 997 1478 1060 verbis
1523 996 1662 1077 „dic
1700 995 1903 1061 clare“
1948 999 2402 1080 comprobatur,
2444 1019 2624 1082 quum
2668 1019 2882 1065 avarus

607 1101 1115 1187 indignabunduS,
1176 1102 1286 1167 sed
1349 1120 1503 1184 quae
1577 1103 1871 1189 sentiebat
1930 1103 2208 1186 proloqui
2270 1104 2528 1183 verituS,
2588 1104 2883 1185 quaedam

615 1208 937 1271 introrsum
981 1208 1092 1271 sibi
1138 1226 1542 1271 murmurasse
1589 1206 1879 1272 videatur.

776 1311 844 1373 V.
877 1311 978 1376 61.
1026 1312 1221 1374 Herm.
1264 1311 1575 1375 lectionem
1621 1329 1905 1394 poscas
1943 1311 2079 1394 jure
2125 1311 2346 1394 optimo
2384 1311 2661 1391 restituit,
2705 1311 2884 1391 „col-

604 1415 732 1500 ligit
776 1423 997 1480 tantum
1044 1416 1320 1496 PersiuS,
1375 1417 1504 1479 fieri
1548 1434 1767 1498 posse,
1823 1423 1884 1479 ut
1930 1417 2080 1480 alter
2124 1416 2198 1479 ad
2244 1415 2417 1479 talem
2462 1416 2878 1499 impudentiam

606 1518 1067 1603 progrediatur“
1125 1519 1342 1601 (praef.
1389 1539 1448 1603 p.
1499 1521 1631 1595 16).
1688 1518 1848 1583 Idem
1913 1539 1971 1583 v.
2015 1520 2448 1602 eorepone
2513 1521 2702 1584 minus
2749 1519 2886 1583 ele-

604 1626 765 1710 ganti
824 1642 1125 1708 oppone
1180 1624 1485 1706 praetulit,
1551 1645 1607 1689 v.
1655 1623 1737 1686 69
1785 1624 2217 1706 conjunctivum
2276 1633 2711 1705 coquatur,
2778 1625 2879 1705 qui

608 1729 746 1792 mihi
805 1729 1184 1793 necessarius
1242 1728 1510 1808 videtur,
1574 1729 1651 1792 cf.
1707 1748 1764 1794 v,
1815 1730 1895 1791 74
1939 1730 2078 1808 „sit
2119 1728 2387 1810 reliqua,
2447 1738 2538 1793 ast
2599 1728 2680 1791 illi
2726 1736 2884 1792 tre-

605 1841 747 1897 mat
793 1880 809 1897 .
858 1878 875 1896 .
921 1833 980 1896 .“
1056 1871 1117 1880 —-
1191 1832 1260 1896 V.
1311 1833 1412 1896 76.
1473 1831 1642 1897 Jahn.
1706 1834 1790 1904 (in
1850 1833 1940 1896 ed.
2000 1836 2162 1906 min.)
2225 1842 2287 1897 et
2345 1834 2538 1896 Herm.
2605 1852 2685 1896 ex
2745 1831 2881 1899 cod.

604 1937 1132 2020 Montepessulano
1178 1945 1340 2001 recte
1386 1956 1527 2000 nec
1571 1938 1955 2019 scripserunt.
2017 1939 2169 2002 Num
2216 1938 2600 2021 Cappadocas
2646 1956 2877 2001 merca-

604 2049 773 2105 turus
817 2041 1073 2120 „sollers
1117 2059 1291 2105 omne
1336 2041 1491 2106 latus
1538 2042 1738 2105 mundi
1784 2040 2139 2106 excutiet?“
2202 2044 2541 2106 Lectionem
2589 2060 2679 2105 ne
2727 2059 2884 2103 uon-

603 2144 745 2208 nulli
789 2146 992 2210 verbis
1037 2145 1389 2210 scholiastae
1435 2165 1557 2224 „ne
1601 2146 1678 2209 sit
1724 2154 1782 2210 te
1827 2155 2223 2211 mercatorum
2283 2149 2417 2229 quis
2463 2143 2682 2211 ditior“
2728 2163 2879 2227 pro·
2923 2160 2925 2163 ·

605 2249 734 2314 bari
778 2258 1074 2334 putarunt.
1135 2250 1418 2314 Ceterum
1465 2250 1708 2315 Persius
1753 2251 1975 2315 Horatii
2019 2251 2214 2315 locum
2259 2259 2371 2317 sat.
2415 2251 2471 2329 l,
2512 2251 2570 2331 1,
2616 2249 2699 2315 38
2745 2257 2883 2313 ante

605 2354 811 2419 oculus
857 2354 1138 2419 habuisse
1184 2354 1451 2419 videtur:
1507 2354 1698 2434 „Cum
1744 2362 1805 2418 te
1852 2375 2045 2438 neque
2090 2357 2358 2421 fervidus
2403 2364 2607 2420 aestus
2653 2355 2883 2419 Demo·
2938 2358 2944 2366 '

603 2466 736 2523 veat
776 2458 977 2541 lucro,
1036 2477 1233 2540 neque
1279 2458 1499 2539 hiems,
1562 2460 1750 2544 igniS,
1811 2479 2009 2542 mare,
2065 2461 2324 2541 ferrum,
2383 2459 2477 2525 Nil
2521 2459 2719 2525 obstet
2763 2459 2890 2538 tibi,

606 2564 774 2630 dum
819 2584 912 2629 ne
958 2565 1063 2628 sit
1107 2572 1179 2626 te
1225 2563 1474 2627 ditior
1520 2563 1794 2629 alter.“

776 2670 842 2732 V.
896 2672 994 2734 77.
1040 2668 1384 2732 Lectionem
1428 2668 1873 2751 plausisse,
1918 2688 2073 2751 quae
2120 2668 2427 2752 plerisque
2457 2668 2637 2733 codd.
2684 2668 2885 2739 (etiam

603 2776 700 2855 iis,
742 2774 846 2856 qui
891 2772 1270 2855 depravatum
1316 2772 1721 2837 clausisse
1766 2773 2066 2845 exhibent)
2116 2772 2475 2852 defenditur,
2523 2790 2728 2835 omnes
2758 2770 2885 2833 fere

603 2880 865 2943 editores
901 2878 1042 2960 jure
1087 2886 1470 2959 receperunt.
1519 2876 1657 2940 Csb.
1702 2878 2080 2961 simpliciter,
2127 2886 2190 2941 ut
2234 2877 2425 2956 solet,
2470 2878 2887 2957 interpretatur
2988 2966 2995 2973 ‘

570 2982 927 3068 '„plaudere
972 2990 1064 3045 est
1110 2990 1448 3064 percutere,
1491 2981 1666 3066 plana
1711 3000 1881 3045 manu
1924 2982 2106 3046 ferire
2152 2981 2238 3048 ads
2272 2980 2682 3057 ostentandam
2725 2979 2885 3044 bene

601 3096 865 3153 curatam
911 3095 1139 3166 cutem3
1185 3086 1495 3150 confirmat
1538 3086 1689 3149 hanc
1735 3086 1875 3169 intp.
1924 3106 2048 3150 vox
2091 3083 2490 3172 pingueS.“

771 3192 997 3255 Versus
1042 3190 1123 3253 illi
1170 3190 1384 3270 faceti,
1445 3189 1658 3271 quibus
1706 3190 1943 3255 Persius
1996 3194 2232 3256 satiram
2280 3192 2571 3270 absolvit,
2632 3190 2887 3253 fortasse

532 3376 535 3379 .
603 3316 685 3361 ex
739 3296 964 3359 Horatii
1024 3294 1225 3358 verbis
1288 3314 1341 3358 c.
1386 3293 1495 3373 ΠΙ,
1557 3290 1640 3355 24
1688 3302 1842 3357 extr.
1902 3295 2180 3374 „Scilicet
2239 3295 2541 3377 improbae
2601 3293 2889 3357 Crescunt

605 3402 875 3478 divitiae,
940 3407 1131 3463 tamen
1197 3398 1414 3462 Curtae
1468 3398 1672 3462 nescio
1740 3399 1879 3479 quid
1943 3418 2182 3482 semper
2236 3399 2406 3462 abest
2450 3396 2579 3461 rei“
2636 3396 2889 3481 profecti

601 3514 757 3571 sunt.
822 3506 974 3568 Eror
1019 3504 1202 3582 leviS,
1248 3502 1436 3585 qualis
1482 3501 1680 3565 multis
1726 3502 1986 3569 fortasse
2034 3503 2332 3582 videatur,
2388 3504 2447 3565 in
2493 3509 2752 3584 quantos
2796 3502 2888 3562 in-

604 3609 834 3674 terdum
883 3626 1128 3673 errores
1171 3606 1447 3685 inducat,
1512 3606 1715 3671 Heinr.
1763 3608 2041 3691 exemplo
2086 3616 2211 3686 est,
2274 3607 2412 3689 qui,
2472 3624 2649 3688 quum
2704 3604 2884 3667 Persii

600 3715 956 3779 sententiam
1002 3731 1123 3776 non
1166 3710 1500 3795 intelligens
1558 3710 1820 3775 ultimum
1876 3729 2116 3777 versum
2162 3711 2509 3776 adversario
2564 3709 2887 3791 tribuisset,

600 3819 748 3882 hanc
792 3819 1029 3883 satiram
1090 3835 1209 3880 non
1272 3815 1348 3879 ad
1408 3815 1580 3880 finem
1641 3815 1988 3898 perductam
2034 3833 2172 3879 esse
2216 3815 2463 3880 censuit.
2525 3814 2655 3877 Hoc
2700 3832 2757 3875 v.
2804 3809 2887 3875 18

600 3943 771 4006 sqq„
827 3923 924 3985 ubi
985 3923 1248 4007 „gemini
1300 3921 1474 3984 ‘vario
1530 3920 1713 4004 genio
1768 3916 2103 4004 producti“,
2165 3919 2315 3983 alter
2358 3918 2680 4000 triparcus,
2741 3916 2889 3979 alter

602 4027 894 4113 prodigus
941 4026 1398 4103 describuntur,
1456 4023 1700 4105 probari
1762 4024 2156 4103 existimavit,
2217 4041 2396 4105 quum
2441 4022 2629 4086 altera
2668 4021 2888 4085 satirae

601 4150 743 4215 pars
807 4130 1181 4194 desideretur
1195 4151 1214 4207 ;
1293 4127 1444 4210 quae
1513 4130 1799 4193 sententia
1856 4129 1974 4210 jam
2048 4129 2179 4211 ipso
2249 4129 2468 4192 satirae
2537 4134 2889 4210 argumento

601 4235 906 4302 refutatur,
949 4234 1089 4302 Mihi
1131 4232 1291 4297 nulla
1334 4232 1514 4297 satira
1557 4233 1840 4315 innotuit,
1898 4251 2052 4315 quae
2099 4223 2445 4317 argumenta
2491 4240 2608 4295 tam
2654 4229 2889 4294 diversa
