3246 4959
1544 327 1595 402 3

426 535 606 581 unum
665 517 1020 583 describens
1077 533 1284 582 omnes
1341 517 1732 583 describeret.
1797 517 2099 600 Siquidem
2158 518 2337 584 satira
2395 519 2513 584 boc
2555 535 2710 602 pro-

428 623 683 705 positum
729 622 945 703 habet,
991 630 1056 685 ut
1097 622 1255 686 vitiis
1300 621 1598 686 hominum
1646 622 2008 705 castigandis
2050 623 2325 688 homines
2368 625 2523 687 vitae
2567 621 2707 687 offi-

423 727 514 789 cia
557 725 773 791 doceat
817 735 879 790 et
924 725 999 789 ad
1042 727 1319 790 virtutem
1364 726 1699 810 neglectam
1753 725 2042 806 reducat,
2100 726 2404 809 quomodo
2464 727 2705 792 Persius

422 829 643 893 satirici
687 848 955 908 munere,
999 829 1158 912 quod
1200 838 1339 893 tunc
1381 831 1797 914 gravissimum
1842 839 1903 894 et
1946 830 2344 895 difficillimum
2399 839 2547 912 erat,
2589 848 2705 914 pro

413 934 664 1015 juvenili
715 934 910 997 adbuc
967 941 1160 998 aetate
1203 933 1548 1017 religiosius
1592 933 1762 1017 fungi
1804 934 2042 1016 potuit?
2099 934 2233 1000 Non
2290 936 2421 1000 sine
2481 954 2704 1000 summa

422 1039 611 1120 ipsius
651 1039 863 1120 injuria
909 1057 1043 1102 cum
1084 1039 1329 1102 Horatio
1375 1046 1785 1120 comparatur,
1848 1039 1942 1102 cui
2002 1039 2184 1103 multo
2229 1038 2463 1103 felicior
2505 1058 2705 1103 rerum

422 1141 677 1205 conditio
744 1142 816 1205 ad
885 1143 1109 1226 ingenii
1171 1142 1346 1206 dotes
1414 1138 1778 1205 excolendas
1847 1150 1911 1207 et
1970 1142 2367 1220 proferendas
2440 1144 2708 1228 contigit.

420 1243 581 1308 illius
622 1253 819 1310 aetate
863 1264 1278 1328 quaecumque
1319 1247 1418 1310 vel
1464 1246 1725 1310 absurde
1769 1245 1870 1309 vel
1912 1246 2196 1311 indecore
2242 1255 2490 1331 peccata
2533 1254 2707 1312 erant

423 1368 676 1433 carpere
721 1359 780 1414 et
823 1351 1025 1415 ridere
1069 1353 1305 1434 impune
1350 1351 1564 1414 licebat
1575 1372 1595 1430 3
1654 1351 1704 1414 si
1747 1351 1858 1414 alio
1902 1358 2172 1436 tempore
2216 1353 2501 1433 vixisset,
2557 1354 2708 1417 sati-

421 1472 549 1517 ram
594 1455 722 1537 eJus
771 1456 948 1537 plane
991 1456 1190 1534 aliam,
1253 1463 1442 1518 aetate
1486 1455 1824 1520 Neroniana
1884 1457 2126 1519 omnino
2177 1456 2394 1520 nullam
2450 1456 2706 1522 futuram

426 1556 613 1623 fuisse
653 1578 1002 1641 persuasum
1047 1559 1262 1624 habeo.
1325 1560 1563 1622 Persius
1609 1565 1803 1621 aetate
1847 1559 2027 1637 vixit,
2079 1578 2197 1641 qua
2243 1562 2433 1626 omnis
2477 1560 2711 1626 dicendi

427 1663 670 1728 libertas
717 1664 941 1728 sublata
989 1673 1146 1744 erat,
1192 1683 1309 1746 qua
1355 1664 1614 1746 ingenue
1660 1664 2011 1727 sententiam
2051 1664 2254 1728 dicere
2297 1664 2523 1729 crimini
2557 1682 2709 1755 rer·

427 1766 662 1831 tebatur
675 1790 694 1846 3
753 1769 991 1852 ingenia
1037 1767 1514 1850 praeclarissima
1561 1785 1748 1850 aegre
1791 1785 1862 1831 se
1922 1768 2341 1850 continebant,
2396 1771 2711 1851 quominus

424 1870 667 1936 libidine
725 1872 968 1954 aliisque
1026 1873 1184 1936 vitiis
1245 1872 1498 1936 infames
1557 1879 1865 1952 notarent,
1928 1872 2040 1936 sed
2096 1875 2380 1955 aequiora
2441 1882 2707 1957 tempora

419 1976 885 2058 exspectabant,
929 1976 1092 2060 quod
1133 1976 1442 2040 Juvenalis
1480 1975 1628 2040 fecit
1671 1985 1732 2040 et
1776 1976 2012 2041 Tacitus
2058 1977 2189 2057 ipse
2234 1979 2469 2062 (Agric.
2516 1978 2589 2054 3)
2632 1979 2710 2043 de

427 2099 495 2143 se
555 2080 941 2162 praedicavit.
1029 2081 1207 2156 Quod
1269 2081 1342 2144 ad
1384 2081 1686 2145 Neronem
1746 2082 1982 2160 attinet,
2046 2081 2222 2145 facile
2281 2082 2586 2163 adducor,
2646 2091 2713 2147 ut

429 2183 706 2263 credam,
773 2186 1037 2249 Persium
1093 2186 1377 2266 principis
1436 2186 1615 2268 hujus
1670 2185 2075 2250 scelestissimi
2129 2204 2330 2250 mores
2390 2190 2570 2254 satira
2613 2189 2715 2252 vix

429 2289 855 2371 comprehendi
927 2307 1115 2372 posse
1176 2274 1429 2371 ejusque
1497 2289 1648 2353 fines
1724 2289 2027 2354 excedere
2104 2292 2387 2354 sensisse.
2474 2293 2717 2357 Persius

431 2394 615 2477 igitur
657 2393 717 2456 id
762 2395 1133 2475 propositum
1177 2412 1299 2457 non
1343 2393 1577 2474 habuit,
1619 2401 1687 2457 ut
1729 2394 1866 2456 vitia
1911 2411 2043 2457 cum
2087 2395 2456 2477 singulorum
2503 2397 2713 2462 dolore

431 2499 760 2581 exagitaret
817 2519 889 2561 ac
946 2500 1109 2564 viros
1156 2499 1353 2581 aliquo
1399 2500 1541 2561 vitio
1602 2498 1853 2562 infames
1898 2498 1956 2561 in
2000 2497 2230 2563 fabulas
2275 2519 2716 2585 sermonesque

430 2601 730 2666 bominum
773 2603 1060 2683 mitteret,
1121 2602 1230 2667 sed
1288 2611 1355 2665 ut
1411 2600 1597 2667 seculi
1656 2620 1861 2667 mores
1907 2602 2173 2684 perditos
2232 2612 2292 2669 et
2336 2606 2528 2670 studia
2574 2624 2720 2689 pra-

356 2750 363 2755 ·
422 2707 672 2770 *vissima
725 2709 995 2790 graviter
1047 2706 1558 2789 reprehenderet,
1617 2707 1777 2788 quod
1835 2708 2010 2770 satira
2071 2709 2257 2789 prima
2304 2711 2525 2790 optime
2568 2730 2720 2794 per·

433 2809 609 2889 fecit,
654 2830 767 2892 qua
812 2820 1151 2893 corruptum
1197 2810 1524 2875 litterarum
1568 2817 1783 2874 statum
1847 2812 2096 2894 egregie
2140 2811 2472 2896 descripsit.
2546 2813 2717 2896 illud,

434 2915 598 2997 quod
672 2917 881 2979 satiras
944 2916 1274 2979 hominibus
1348 2915 1604 2979 maxime
1664 2914 2038 2979 commendat
2098 2918 2292 2998 iisque
2350 2918 2721 3002 gratissimas

434 3019 652 3098 reddit,
684 3028 757 3083 -ut
800 3021 1092 3102 primores
1138 3020 1341 3103 populi
1387 3021 1725 3084 nominatim
1755 3028 2074 3102 carpantur
2106 3029 2167 3084 et
2198 3023 2418 3084 acriter
2452 3020 2719 3085 destrin-

436 3133 686 3208 gantur,
744 3124 904 3207 apud
951 3126 1211 3189 Persium
1269 3123 1495 3188 frustra
1541 3124 1945 3205 quaesiveriS‚
2005 3126 2133 3200 cni,
2208 3124 2721 3207 quod'nibilomi-

437 3245 553 3291 nus
596 3229 810 3292 satirae
857 3229 987 3310 ejus
1031 3246 1260 3293 summo
1298 3227 1631 3309 aequalium
1666 3228 1876 3309 plausu
1923 3237 1984 3292 et
2026 3229 2292 3292 clamore
2332 3231 2722 3312 excipieban-

437 3339 531 3395 tur
575 3340 635 3395 et
678 3340 746 3395 ut
788 3333 847 3395 in
890 3333 1007 3394 vita
1051 3340 1324 3395 narratur
1367 3331 1826 3414 diripiebantur,
1872 3351 1947 3396 eo
1994 3334 2184 3415 major
2226 3334 2572 3398 conciliatur
2614 3333 2722 3399 ad-

437 3438 690 3500 miratio.
749 3437 844 3517 Si,
887 3436 1047 3518 quod
1092 3454 1275 3518 supra
1320 3436 1477 3516 dixi,
1521 3437 1704 3499 satira
1749 3443 1870 3499 tota
1914 3454 1993 3499 ex
2037 3444 2345 3517 tempore,
2389 3456 2511 3519 quo
2557 3440 2718 3503 scri—

437 3540 625 3619 bitur,
680 3542 937 3624 pendet,
997 3543 1169 3605 etiam
1215 3542 1545 3623 aequalium
1581 3541 1805 3624 judicio
1851 3544 2071 3624 optime
2116 3544 2470 3610 aestimatur.
2530 3545 2606 3608 Et
2650 3564 2719 3609 re

437 3664 576 3708 vera
639 3647 828 3710 Persii
887 3647 1160 3710 virtutem
1236 3646 1481 3709 solidam
1543 3654 1603 3710 et
1665 3654 1928 3711 sanctam
1988 3665 2106 3710 non
2175 3649 2366 3711 minus
2442 3647 2720 3712 admirari

440 3747 749 3827 debemus,
795 3768 970 3831 quam
1013 3751 1240 3835 ingenii
1282 3750 1576 3814 fervidum
1622 3751 1904 3834 impetum
1945 3770 2014 3814 ac
2042 3752 2337 3837 vigorem,
2383 3769 2503 3833 quo
2531 3753 2719 3834 juve-

440 3853 530 3916 nis
587 3853 662 3916 ad
716 3856 926 3918 satiras
969 3855 1310 3919 scribendas
1357 3855 1724 3918 incitabatur.
1784 3840 2155 3936 »Scripserat
2212 3857 2387 3922 etiam
2434 3865 2719 3938 praetex-

437 3966 553 4020 tam
597 3958 815 4021 Vescio
859 3959 954 4021 vel
1000 3978 1355 4042 quocunque
1400 3961 1514 4022 alio
1557 3960 1795 4022 nomine
1838 3956 1993 4023 baec
2036 3959 2234 4024 fabula
2283 3960 2390 4023 fuit
2432 3968 2492 4023 et
2533 3950 2723 4029 ὁδοι-

439 4056 719 4147 πορικῶν
772 4063 985 4127 librum
1044 4082 1222 4128 unum
1283 4072 1345 4127 et
1402 4081 1620 4145 paucos
1676 4064 1733 4125 in
1796 4081 2035 4127 socrum
2094 4063 2426 4142 Thraseae,
2486 4066 2720 4130 Arriam

441 4174 722 4246 matrem,
777 4185 1026 4246 versus,
1085 4186 1239 4249 quae
1299 4187 1369 4231 se
1428 4174 1565 4229 ante
1623 4168 1813 4230 virum
1859 4168 2190 4244 occiderat;
2255 4167 2364 4232 sed
2410 4186 2479 4231 ea
2524 4170 2721 4233 omnia

442 4278 655 4335 auctor
710 4271 821 4336 fuit
865 4270 1161 4336 Cornutus
1219 4270 1384 4335 matri
1430 4270 1563 4353 ejus
1622 4279 1686 4335 ut
1745 4270 2069 4335 abolerem
2135 4270 2268 4345 Quo
2312 4276 2520 4337 aetatis
2564 4291 2721 4338 anno

2195 4359 2308 4433 1*
2387 4397 2406 4422 -x
