3246 4959
555 469 782 543 Quanta
809 466 1127 533 festivitate
1153 472 1251 539 (ac
1268 469 1416 531 vere
1439 466 1698 550 ingenua
1720 468 2036 539 hilaritate)
2066 469 2245 534 satira
2275 470 2462 551 prima
2486 479 2550 536 et
2564 470 2833 555 reliqua-

556 591 688 637 rum
715 573 1025 637 satirarum
1053 573 1170 636 loci
1196 572 1455 637 nonnulli
1476 573 1578 649 (cf.
1609 573 1678 652 ll,
1711 573 1795 638 30
1824 592 1957 656 sqq.
1986 573 2100 654 111„
2121 576 2245 638 init.
2272 575 2386 655 vt„
2415 575 2500 640 33
2523 581 2691 659 sqq.)
2713 596 2831 640 ex-

557 671 809 740 celluntl
855 664 1132 740 Ceterum
1161 694 1265 740 res
1308 676 1581 739 ridiculas
1611 685 1672 740 et
1688 678 1932 761 Jocosas
1963 697 2106 743 raro
2128 678 2375 758 admisit,
2404 698 2581 761 quum
2605 682 2831 745 animus

553 781 703 862 ejus,
722 781 1027 844 atrocitate
1056 789 1389 862 temporum
1420 780 1767 862 depressuS,
1784 783 1957 845 nimio
1976 782 2185 845 dolore
2217 784 2602 849 cruciaretur.
2619 785 2830 849 Severi

550 891 638 947 tas
684 902 755 946 ac
793 885 1073 966 gravitaS,
1105 884 1289 967 qualis
1320 885 1378 946 in
1404 884 1588 947 Persii
1621 887 1814 950 satiris
1846 887 2227 967 conspicitur,
2250 906 2364 951 nec
2390 890 2569 954 tristis
2599 890 2691 952 illa
2724 907 2835 952 nec

552 988 718 1068 dura,
761 990 1067 1052 satirarum
1110 990 1458 1070 scriptorem
1507 989 1680 1052 decet
1724 1006 1835 1053 nec
1878 1009 2082 1054 veram
2120 992 2458 1074 justamque
2486 992 2834 1072 condiderit,

555 1092 667 1156 nisi
714 1093 813 1173 qui
845 1093 1077 1156 virtutis
1105 1092 1296 1155 studio
1330 1093 1606 1157 incensus
1643 1113 1774 1156 cum
1818 1094 2069 1174 quadam
2111 1095 2517 1179 indignatione
2546 1098 2605 1159 in
2651 1114 2835 1177 prava

556 1196 746 1258 omnia
793 1204 852 1259 et
897 1215 1184 1279 perversa
1229 1191 1556 1261 invehatur.
1602 1198 1898 1264 Summum
1943 1197 2270 1264 honestatis
2317 1208 2378 1263 et
2421 1201 2652 1263 virtutis
2696 1207 2833 1263 stu-

557 1298 738 1380 dium,
784 1299 1075 1363 i'ervidum
1122 1319 1305 1364 verae
1351 1319 1421 1364 ac
1459 1301 1734 1365 sincerae
1780 1302 2198 1387 indignationis
2230 1304 2533 1384 ardorem,
2578 1305 2832 1367 animum

551 1403 871 1467 Romanum
919 1404 1240 1486 simplicem
1301 1412 1361 1467 et
1417 1405 1823 1489 incorruptum
1882 1425 2052 1470 nemo
2108 1409 2164 1470 in
2221 1408 2427 1472 Persio
2474 1425 2590 1471 non
2635 1414 2833 1490 potest

554 1524 910 1593 agnoscere.
955 1508 1083 1570 Hoc
1128 1526 1304 1570 unum
1351 1507 1654 1588 dolemus,
1715 1511 1875 1592 quod
1922 1519 2114 1574 morte
2166 1520 2535 1593 praematura
2590 1512 2829 1575 absum-

551 1620 687 1693 ptus
729 1612 906 1675 vitam
945 1620 1006 1676 et
1040 1613 1233 1677 studia
1275 1612 1566 1677 hominum
1611 1632 1729 1676 non
1774 1616 1916 1679 satis
1959 1634 2072 1679 usu
2119 1634 2302 1681 nosse
2348 1617 2554 1699 potuit,
2597 1615 2707 1680 sed
2753 1632 2830 1678 eo

554 1717 745 1800 magis
791 1716 950 1779 illum
996 1718 1168 1780 animi
1200 1719 1475 1799 impetum
1520 1718 1794 1782 admirari
1829 1719 2141 1800 debemus,
2187 1737 2308 1802 quo
2341 1720 2633 1800 incitatus,
2678 1737 2830 1802 quae

548 1820 859 1884 multarum
906 1839 1103 1884 rerum
1148 1840 1321 1885 usum
1366 1824 1647 1905 postulat,
1689 1825 1925 1887 satiram
1964 1824 2312 1889 adolescens
2356 1825 2545 1909 attigit
2585 1842 2702 1888 nec
2745 1823 2829 1887 vi·

546 1924 973 2091 tqm¹d1esidem
1019 1933 1080 1989 et
1138 1927 1393 2007 quietam
1455 1926 1682 2012 degere
1726 1927 1948 2009 voluit,
1991 1928 2173 2009 „dum
2218 1937 2488 2011 patruum
2533 1924 2829 2010 saperet.“

548 2030 583 2100 (
609 2073 645 2108 -2
774 2031 826 2102 ο)

1604 2293 1667 2362 S.
1712 2290 1775 2354 4.

727 2446 953 2525 SatiriS,
996 2463 1149 2528 quas
1212 2447 1431 2528 primas
1494 2447 1811 2529 scripsisse
1870 2446 2136 2529 videtur,
2196 2448 2493 2530 quinque,
2552 2467 2705 2531 quae
2750 2466 2828 2513 ex

553 2558 765 2614 nostro
812 2550 1020 2615 ordine
1065 2558 1405 2632 postremae
1449 2552 1757 2634 leguntur,
1802 2560 2123 2633 praecepta
2168 2553 2449 2632 quaedam
2494 2555 2827 2617 Stoicorum

552 2637 898 2730 illustravit,
954 2673 1164 2718 verum
1226 2673 1347 2717 non
1392 2656 1506 2734 ita,
1568 2663 1633 2717 ut
1677 2656 1733 2717 in
1790 2654 2009 2717 scholis
2070 2654 2163 2716 illa
2223 2656 2462 2717 tractari
2521 2655 2826 2734 didicerat,

551 2777 707 2841 quae
750 2758 980 2838 Jahnii,
1025 2761 1195 2841 cujus
1241 2758 1319 2822 de
1368 2760 1573 2823 Persio
1620 2759 1827 2830 merita
1875 2766 2138 2822 ceterum
2184 2758 2394 2820 summi
2441 2757 2635 2835 facio,
2678 2776 2825 2821 sen·

551 2863 728 2925 tentia
775 2869 883 2926 est.
946 2845 1174 2936 Quodsi
1221 2863 1403 2925 Persii
1464 2864 1674 2926 satiras
1720 2881 1850 2924 cum
1896 2861 2008 2925 illis
2069 2862 2380 2942 utriusque
2435 2862 2703 2928 Senecae
2747 2862 2825 2924 li·

552 2966 676 3030 bris
722 2985 1169 3047 comparamus,
1229 2967 1579 3049 permultum
1623 2965 1831 3029 hercle
1887 2966 2043 3029 inter
2087 2966 2270 3048 patris
2329 2984 2514 3048 saepe
2558 2966 2825 3029 inficetas

551 3071 997 3134 controversias
1044 3078 1103 3132 et
1147 3071 1474 3149 suasorias,
1519 3068 1617 3131 filii
1650 3069 2095 3152 disputationes,
2137 3069 2432 3132 interdum
2477 3072 2827 3156 ingeniosas

558 3174 912 3256 plerumque
957 3172 1150 3236 aridas
1195 3181 1373 3254 atque
1409 3174 1677 3256 jejunas,
1722 3182 1781 3236 et
1825 3174 2009 3237 Persii
2054 3175 2267 3238 satiras
2310 3175 2605 3239 interesse
2650 3174 2829 3238 vide-

553 3297 702 3341 mus.
747 3279 919 3358 Apud
966 3278 1100 3342 illos
1146 3280 1335 3341 omnia
1381 3297 1416 3341 e
1460 3279 1666 3342 schola
1712 3278 2016 3361 profecta,
2061 3280 2191 3343 sine
2236 3280 2531 3364 sanguine
2576 3286 2636 3343 et
2681 3297 2826 3342 ner-

552 3386 664 3460 viS,
709 3401 742 3445 a
789 3382 1016 3462 Persio,
1061 3384 1412 3465 simulatque
1458 3403 1534 3447 ex
1578 3383 1820 3447 scholae
1861 3384 2113 3449 vinculis
2160 3383 2387 3468 effugit,
2430 3403 2571 3447 vera
2617 3403 2686 3447 ac
2730 3384 2828 3446 vi-

551 3486 688 3549 vida
733 3488 889 3550 vitae
933 3487 1130 3572 imago
1176 3490 1535 3571 exprimitur.
1583 3490 1872 3554 Senecam
1905 3489 2317 3572 philosophum
2363 3508 2544 3568 „sero
2590 3507 2825 3573 cogno-

554 3592 668 3670 vit,
728 3591 835 3654 sed
897 3610 1017 3654 non
1063 3601 1125 3655 ut
1169 3602 1488 3675 caperetur
1532 3595 1664 3676 ejus
1709 3594 1950 3675 ingenio
1968 3592 2028 3671 ,“
2085 3593 2245 3675 quod
2305 3612 2574 3678 magnam
2622 3601 2683 3657 et
2724 3594 2824 3655 in-

551 3703 890 3778 corruptam
932 3696 1136 3780 judicii
1192 3701 1497 3761 sanitatem
1556 3699 1617 3760 in
1679 3697 2066 3761 adolescente
2125 3698 2360 3762 Stoicae
2420 3697 2826 3780 philosophiae

548 3800 750 3864 dedito
808 3800 1136 3865 ostendere
1184 3802 1550 3865 Hermannus
1609 3802 1826 3884 (praef.
1874 3802 2001 3866 edit
2060 3802 2119 3864 P.
2163 3821 2226 3884 p.
2271 3800 2449 3876 vul.)
2498 3804 2644 3865 scite
2690 3802 2823 3864 ani-

552 3905 879 3969 madvertit.

726 4008 916 4075 Satira
963 4010 1180 4091 prima,
1225 4029 1397 4092 quam
1444 4012 1710 4089 Persius,
1770 4029 1949 4091 quum
2010 4031 2087 4089 „a
2148 4009 2352 4074 schola
2411 4018 2470 4074 et
2530 4011 2825 4095 magistris

553 4112 957 4193 divertisset,“
1002 4115 1314 4197 scripsisse
1358 4115 1620 4195 videtur,
1666 4124 1779 4179 tam
1825 4114 2125 4197 perfecta,
2172 4123 2284 4178 tam
2331 4114 2405 4177 ad
2453 4134 2661 4179 verum
2708 4134 2827 4180 ex-

551 4235 760 4301 pressa
808 4226 925 4298 est,
972 4226 1059 4282 tot
1103 4219 1322 4302 ingenii
1386 4219 1698 4283 luminibus
1752 4220 2019 4283 distincta
2081 4228 2143 4283 et
2211 4218 2554 4283 facetiarum
2613 4220 2825 4303 lepore
