3246 4959
1545 265 1643 339 39

458 450 709 516 imitatus
753 452 844 517 sit.
890 455 1233 518 Parthorum
1270 471 1495 517 morem
1542 455 1720 518 armis
1766 453 1971 517 utendi
2019 452 2297 533 describi,
2341 471 2538 535 neque
2583 469 2732 515 sen-

459 555 670 632 tentia,
730 575 927 637 neque
973 558 1157 621 verba
1203 560 1564 639 permittunt.
1653 560 1844 621 Etiam
1892 578 1947 618 v.
1996 557 2078 620 15
2126 558 2303 622 lectio
2348 566 2605 633 teres,
2651 556 2731 619 de

457 676 568 737 qua
614 660 847 739 quidem
893 661 1149 725 dubitari
1195 679 1315 725 non
1362 671 1584 743 potest,
1633 664 1854 727 Horatii
1899 661 2073 739 loce,
2119 670 2223 725 sat..
2273 661 2340 734 Il,
2388 665 2448 739 7,
2494 660 2577 722 87
2627 661 2730 736 ,,ἰιι

455 779 526 824 se
572 763 706 843 ipso
751 773 932 844 totus,
979 774 1141 829 teres
1186 775 1364 847 atque
1409 767 1744 831 rotundus“
1791 765 2150 830 defenditur.
2187 799 2262 808 —-
2300 767 2369 830 V.
2421 765 2520 830 19.
2567 765 2733 826 Her-

452 884 726 929 mannum
766 869 1075 932 lectionem
1118 870 1466 948 bullatiS,
1512 891 1686 953 quam
1718 872 1783 935 L.
1816 872 1876 933 P.
1923 869 1965 948 1,
1993 888 2048 950 p.
2101 869 2180 932 13
2220 867 2502 944 defendit,
2548 867 2728 930 etiam

449 987 605 1034 nunc
650 975 803 1036 tueri
850 974 1070 1054 laetor3
1115 993 1222 1038 cur
1255 976 1522 1053 Persius,
1560 978 1661 1057 qui
1705 977 1803 1038 hic
1849 974 1926 1037 de
1970 993 2039 1037 se
2085 974 2218 1053 ipso
2262 973 2542 1052 loquitur,
2589 987 2732 1032 ser-

450 1091 683 1137 monem
730 1094 903 1140 suum
951 1097 983 1140 a
1019 1078 1218 1141 verbis
1266 1078 1592 1159 pullatis
1636 1081 1673 1142 i.
1723 1099 1779 1142 e.
1826 1078 2074 1162 tragicis
2119 1076 2366 1139 liberum
2401 1073 2533 1136 fore
2577 1088 2735 1153 pro-

448 1179 650 1259 mittat,
701 1181 976 1261 profecto
1024 1200 1141 1243 non
1188 1182 1468 1265 intelligo.
1518 1183 1851 1246 Verborum
1883 1190 2174 1245 tumorem
2221 1197 2290 1240 ac
2320 1193 2590 1258 pompam
2635 1175 2735 1237 in-

447 1300 618 1344 anem
658 1284 779 1365 jam
827 1285 1102 1347 versibus
1147 1288 1245 1365 qui
1291 1287 1660 1368 praecedunt
1705 1289 1761 1349 in
1804 1287 1997 1369 poetis
2044 1284 2285 1366 tragicis
2327 1276 2735 1361 reprehendit,

447 1404 648 1465 neque
694 1396 861 1467 erat,
908 1407 1016 1452 cur
1061 1391 1174 1452 hoc
1220 1411 1275 1453 v.
1321 1391 1474 1453 idem
1524 1399 1849 1473 repeteret.
1907 1389 2076 1464 Quod
2130 1386 2304 1449 Jahn.
2348 1383 2541 1465 probe
2586 1397 2731 1462 per-

445 1491 661 1569 spexit,
706 1509 885 1571 quum
931 1494 987 1555 in
1032 1494 1129 1555 ed.
1174 1495 1310 1556 min.
1367 1506 1449 1556 ex‘
1486 1495 1711 1558 Horatii
1758 1514 1894 1575 epp.
1940 1493 1984 1569 1,
2024 1492 2085 1569 3,
2139 1492 2213 1555 14
2272 1488 2562 1570 „Tragica
2610 1483 2727 1545 de-

446 1595 640 1654 saevit
707 1602 768 1656 et
833 1595 1183 1676 ampullatur
1241 1598 1297 1658 in
1343 1596 1510 1660 arte“
1571 1616 1704 1660 cum
1750 1597 2124 1660 Lachmanno
2180 1594 2283 1671 (ad
2328 1593 2569 1656 Lucret.
2628 1585 2731 1665 Vl,

448 1696 638 1775 1067,
700 1717 757 1778 p.
821 1699 982 1774 414)
1046 1702 1500 1782 ampullatis
1569 1703 1894 1776 scriberet;
1985 1700 2092 1763 sed
2148 1715 2309 1761 novo
2370 1694 2471 1757 illo
2531 1690 2724 1753 verbo

443 1799 644 1864 Herm.
694 1821 1012 1865 caesuram
1070 1805 1269 1886 perire
1330 1814 1391 1868 et
1435 1824 1674 1869 versum
1734 1804 2106 1887 pessumdari
2166 1801 2370 1865 sensit.
2463 1794 2727 1875 Simplex

441 1902 770 1968 bullatis
834 1906 999 1985 Csb.,
1046 1908 1228 1985 Reiz.,
1276 1910 1463 1986 Pass.,
1509 1909 1718 1987 Orell.,
1763 1910 1935 1973 Web.
1982 1907 2325 1989 probarunt.
2378 1932 2454 1943 —-
2504 1899 2576 1960 V.
2620 1895 2725 1961 20.

440 2006 643 2070 Verba
695 2010 902 2087 „dare
967 2012 1203 2093 pondus
1249 2012 1465 2077 idonea
1512 2012 1716 2076 fumo⁶⁶
1791 2013 2057 2093 quamvis
2110 2009 2183 2072 ab
2231 2004 2459 2070 Horatii
2524 1999 2728 2062 verbis

440 2130 585 2191 epp.
636 2112 679 2189 1,
732 2114 844 2193 19,
892 2116 1011 2180 422
1059 2117 1333 2196 „pondus
1377 2116 1598 2181 addere
1657 2114 1870 2200 nugis“
1918 2115 2222 2197 profecta,
2261 2127 2382 2172 non
2428 2112 2615 2182 recte,
2660 2120 2729 2164 ac

437 2214 487 2275 si
534 2216 785 2279 Persius
835 2218 1177 2299 simpliciter
1218 2237 1327 2298 pro
1374 2218 1641 2302 „nugis“
1687 2220 1887 2282 fumo
1934 2218 2184 2292 dixerit,
2245 2223 2327 2276 ex
2372 2211 2486 2273 illis
2534 2204 2731 2286 expli-

437 2326 671 2382 cantur.
720 2319 950 2383 Jocose
984 2322 1133 2383 dicta
1178 2331 1348 2385 sunt:
1395 2324 1627 2399 librum,
1673 2325 1721 2385 si
1751 2322 1906 2384 illum
1946 2329 2009 2384 ut
2039 2318 2300 2381 inutilem
2337 2326 2733 2377 concremare

440 2422 751 2501 volueriS,
812 2425 917 2487 vix
964 2426 1158 2507 ignem
1206 2429 1527 2508 concipere
1587 2427 1934 2507 fumumque
1982 2443 2017 2487 e
2062 2424 2295 2487 flamma
2341 2433 2615 2481 crassum
2659 2428 2732 2474 ac

418 2515 727 2609 'pinguem
794 2527 1016 2590 evolvi.
1067 2561 1140 2571 —-
1192 2531 1262 2591 V.
1311 2530 1413 2592 24.
1460 2531 1649 2592 Prima
1689 2529 2078 2609 'methaphora
2140 2545 2172 2588 a
2221 2544 2289 2587 re
2354 2521 2579 2605 figlina,
2636 2515 2734 2577 vel

433 2631 641 2708 potius
691 2630 767 2692 ab
817 2631 891 2692 iis
950 2633 1049 2711 qui
1094 2633 1335 2694 vascula
1383 2640 1617 2709 emunt,
1664 2632 1846 2695 altera
1892 2650 1922 2692 a
1969 2650 2036 2692 re
2081 2628 2337 2692 tectoria
2384 2624 2571 2705 petita
2619 2627 2736 2693 est,

429 2733 539 2794 sed
588 2752 767 2811 cave,
815 2750 954 2797 voc.
1004 2734 1231 2813 pulsa
1275 2734 1346 2796 ad
1393 2737 1634 2797 alteram
1667 2734 1975 2811 translato,
2020 2741 2334 2810 utramque
2381 2724 2738 2790 confundas.

429 2835 617 2900 Certe
669 2838 919 2900 Persius
966 2838 1037 2900 ab
1084 2856 1197 2899 una
1243 2839 1586 2918 metaphora
1628 2836 1700 2898 ad
1733 2836 1997 2914 alteram,
2044 2853 2178 2911 nec,
2227 2832 2391 2913 quod
2419 2828 2742 2894 Handrick.

426 2939 620 3020 (disp.
674 2939 754 3001 de
818 2941 1114 3003 nonnullis
1159 2942 1228 3003 V.
1277 2941 1456 3003 Persii
1502 2942 1718 3003 satirae
1763 2939 1931 3002 locis.
2023 2939 2270 3020 Torgau
2332 2935 2506 2998 1846
2554 2951 2613 3013 p.
2666 2931 2746 2995 10

423 3048 613 3122 sqq.,)
665 3043 869 3106 multis
918 3044 1176 3124 probare
1208 3044 1448 3120 studuit,
1491 3063 1523 3103 a
1570 3043 1825 3123 figurato
1873 3042 1947 3104 ad
1996 3041 2302 3120 proprium
2344 3037 2579 3101 dicendi
2627 3053 2752 3119 ge·

423 3164 536 3207 nus
586 3155 1026 3228 transgressus
1073 3155 1197 3223 est,
1243 3147 1401 3226 quod
1448 3145 1683 3225 quidem
1731 3146 1860 3207 aliis
1909 3144 2056 3208 locis
2103 3143 2244 3206 feeit
2313 3144 2401 3221 V,
2452 3141 2554 3205 10.
2610 3139 2752 3204 108.

418 3247 514 3327 111,
564 3249 673 3311 67.
727 3250 852 3326 (V,
916 3246 1042 3312 106
1109 3269 1142 3311 a
1188 3250 1433 3332 proprio
1492 3248 1566 3310 ad
1627 3249 1725 3331 lig.
1787 3248 2025 3310 dicendi
2084 3264 2285 3329 genus
2325 3249 2621 3320 transiit).
2685 3274 2750 3288 -

419 3354 491 3413 V.
549 3353 659 3415 26.
710 3353 923 3414 Herm.
971 3360 1033 3414 et
1082 3352 1282 3415 leinr.
1343 3352 1658 3414 lectionem
1717 3351 1881 3429 his,
1943 3369 2102 3421 uuae
2156 3351 2342 3412 etiam
2390 3350 2761 3413 scholiastae

413 3456 629 3518 verbis
696 3455 824 3532 „ad
875 3452 1033 3515 hoc“
1082 3454 1376 3531 firmatur,
1438 3454 1606 3516 alteri
1656 3472 1832 3532 quam
1897 3452 2073 3516 Jahn.
2131 3469 2297 3514 nune
2360 3455 2594 3533 recepit
2640 3455 2766 3516 hic

406 3561 549 3643 jure
598 3545 1129 3640 praeposuerunt.
1183 3589 1255 3599 —
1306 3558 1372 3618 V.
1420 3557 1521 3620 56.
1569 3556 1796 3618 Omnes
1825 3555 2092 3618 editores
2137 3554 2279 3617 inde
2329 3575 2362 3617 a
2399 3555 2767 3620 casaubono

409 3664 794 3726 scholiastae
854 3661 1437 3740 interpretationemz
1484 3660 1873 3739 „iri-iguo,
1922 3675 2028 3735 ee,
2087 3658 2249 3737 quod
2301 3677 2558 3723 somnus
2622 3678 2769 3724 cor-

406 3784 563 3847 pora
602 3761 871 3848 irrigat“
912 3765 1154 3825 incaute
1186 3771 1556 3844 receperunt.
1606 3760 1887 3841 Corpora
1934 3759 2240 3823 laboribus
2274 3762 2522 3846 fatigata
2558 3782 2778 3828 somno

408 3868 664 3949 irrigari
714 3868 948 3946 optime
997 3866 1317 3940 dicuntur,
1379 3884 1493 3925 non
1555 3866 1694 3925 item
1743 3882 2063 3946 ganeones
2125 3872 2186 3926 et
2250 3869 2782 3946 commissatores,

408 3987 676 4051 quorum
713 3985 996 4044 somnus,
1047 3985 1233 4047 quum
1283 3967 1421 4025 vino
1478 3965 1674 4027 obruti
1706 3974 1768 4027 et
1802 3969 1975 4045 quasi
2008 3967 2231 4047 sepulti
2280 3978 2788 4054 turgescant,

403 4091 531 4137 non
583 4072 864 4134 infacete
927 4066 1290 4151 ‚,irriguus“
1336 4069 1689 4149 appellatur.
1755 4070 1942 4134 Certe
1988 4071 2233 4133 Persius
2281 4075 2517 4138 Horatii
2567 4086 2678 4140 sat.
2720 4075 2795 4154 ll,

405 4179 467 4257 1,
514 4173 583 4254 8,
633 4173 938 4238 meminitz
