3246 4959
1508 297 1603 372 19

427 490 707 576 proferre
765 488 983 553 dicunt.
1042 486 1213 561 Quae
1257 485 1549 550 sententia
1594 486 1902 548 maximam
1946 493 2171 566 partem
2221 504 2301 549 ex
2341 484 2487 564 iltis,
2541 487 2698 565 quae

419 598 480 659 in
540 596 659 658 vita
719 594 1034 679 leguntur,
1092 590 1327 655 verbis:
1387 597 1490 669 „et
1548 607 1729 653 raro
1790 591 1850 652 et
1907 589 2128 652 tarde
2184 585 2467 672 scripsit“
2513 604 2699 669 prave

415 700 727 765 intellectis
780 695 1053 780 profecta
1112 712 1252 760 esse
1312 694 1448 756 mihi
1504 693 1744 757 videtur
1757 715 1774 771 ;
1838 694 2103 758 Persium
2150 694 2318 757 tarde
2366 693 2704 774 scripsisse,

416 804 575 887 quod
636 803 788 866 tardi
845 800 1065 883 ingenii
1132 798 1504 878 existimant,
1582 799 1947 862 conclamant
2011 815 2254 878 omneS,
2334 796 2495 879 quod
2562 813 2730 859 raro¹

415 909 734 990 scripsisse
793 905 1006 969 dicitur
1063 903 1557 985 praetermittunt.
1613 902 1713 966 Illa
1772 902 2237 983 breviloquentia
2296 909 2355 964 et
2399 902 2455 964 in
2500 908 2730 964 trans-⁴

418 1013 731 1076 lationibus
776 1009 1043 1089 audacia,
1088 1010 1146 1071 iu
1193 1007 1405 1088 quibus
1449 1006 1746 1088 plerique,
1803 1006 1937 1070 dum
1984 1007 2174 1071 Persii
2221 1006 2436 1069 satiras
2477 1004 2709 1099 legunt,

324 1192 327 1195 ¹
420 1115 769 1193 offendunt,
814 1114 1002 1177 Persii
1048 1118 1240 1176 aetate
1285 1110 1440 1193 apud
1487 1112 1743 1193 optimos
1790 1113 2120 1194 scriptores
2166 1110 2476 1188 valebant,
2521 1127 2702 1190 quum

419 1221 535 1300 alii,
582 1221 679 1302 qui
726 1219 918 1281 omnia
965 1217 1040 1280 ad
1085 1217 1446 1297 voluptatem
1489 1215 1874 1280 multitudinis
1906 1218 2211 1298 imperitae
2248 1214 2706 1296 componebant,

421 1326 716 1390 sermonis
761 1323 1004 1387 lascivia
1050 1330 1108 1384 et
1158 1320 1431 1398 mollitie,
1501 1320 1803 1401 pejoribus
1848 1321 2033 1401 vitiis,
2077 1320 2416 1384 laborarent
2459 1327 2520 1393 et
2565 1318 2703 1381 lite-

423 1448 520 1492 ras
565 1429 784 1492 misere
829 1433 1301 1507 corrumperent.
1362 1423 1476 1497 Qui
1521 1425 1679 1488 illum
1724 1426 2020 1488 literarum
2077 1433 2285 1489 statum
2346 1423 2707 1488 considera-

426 1534 606 1610 verit,
668 1531 996 1605 Quintiliani
1040 1530 1392 1593 sententiam
1437 1530 1608 1603 (inst.
1655 1547 1743 1595 or.
1791 1528 1905 1608 IX,
1948 1531 2026 1608 4,
2076 1527 2266 1605 142Jz
2309 1530 2409 1609 „in
2458 1529 2708 1592 univer-

430 1656 559 1700 sum
604 1644 834 1710 autem,
895 1635 947 1698 si
986 1635 1070 1708 vsit
1114 1652 1403 1713 necesse,
1463 1633 1674 1697 duram
1735 1635 1932 1716 potius
1978 1642 2157 1715 atque
2219 1653 2491 1715 asperam
2539 1652 2712 1695 corn-

430 1742 779 1823 positiouem
814 1739 1026 1817 malim,
1070 1756 1245 1820 quam
1291 1737 1687 1801 effeminatam
1733 1745 1907 1819 atque
1949 1757 2267 1816 enervem,
2324 1739 2514 1819 qualis
2559 1735 2715 1819 apud

430 1842 693 1908 multos“
740 1844 1000 1926 probare
1048 1860 1165 1906 non
1213 1842 1513 1906 dubitabit.
1588 1843 1951 1906 Perversum
1997 1842 2141 1905 illud
2188 1843 2473 1906 orationis
2518 1842 2719 1905 effun-

433 1948 665 2012 dendae
711 1947 999 2025 studium,
1044 1965 1165 2028 quo
1212 1955 1349 2010 tunc
1395 1946 1626 2027 plurimi
1670 1946 2047 2026 ferebantur,
2096 1949 2331 2011 Persius
2374 1965 2498 2010 non
2542 1944 2720 2008 modo

435 2055 612 2134 satira
660 2052 845 2132 prima
891 2051 1652 2133 acerbissimecastigavit,
1707 2051 1818 2114 sed
1867 2053 2061 2130 ctiam,
2122 2051 2408 2115 omnibus
2440 2049 2724 2113 orationis

434 2177 557 2221 non
604 2157 1005 2235 ornamentis,
1059 2154 1166 2219 sed
1226 2155 1534 2218 lenociniis
1581 2154 1816 2219 fortiter
1860 2157 2130 2238 rejectiS,
2193 2172 2306 2218 suo
2351 2156 2537 2236 ipsius
2582 2171 2725 2218 ser-

438 2279 616 2324 mone
675 2258 790 2322 illis
834 2259 1285 2343 repugnandum
1347 2277 1483 2322 esse
1521 2259 1823 2341 judicavit.
1882 2260 2252 2344 Singularem
2301 2260 2485 2323 Persii
2532 2260 2725 2321 virtu-

438 2374 555 2430 tem
620 2366 681 2427 in
740 2364 854 2426 hoc
901 2364 1147 2444 positam
1196 2371 1375 2444 puto,
1438 2363 1636 2445 quod,
1697 2365 1788 2427 cui
1835 2365 1976 2428 nibil
2013 2384 2045 2427 a
2090 2373 2301 2427 natura
2347 2364 2726 2448 denegatum,

443 2488 638 2550 neque
670 2488 703 2532 a
738 2467 1006 2531 doctrina
1053 2486 1173 2531 non
1218 2466 1476 2531 delatum
1523 2467 1862 2548 videbatur,
1907 2470 2191 2552 puerilem
2238 2468 2388 2532 illam
2434 2467 2727 2533 sermonis

447 2574 660 2637 eruditi
706 2580 768 2636 et
811 2573 1112 2635 rhetorum
1153 2590 1318 2635 more
1362 2574 1635 2636 exornati
1680 2575 2126 2637 ostentationem
2172 2580 2521 2654 aspernatus
2555 2572 2728 2655 gravi

449 2697 520 2741 ac
565 2694 861 2756 nervoso,
914 2695 1329 2757 nonnunquam
1388 2677 1627 2757 quidem
1675 2678 1824 2741 duro
1886 2697 2166 2742 sermone
2209 2695 2355 2741 usus
2402 2685 2514 2741 est.
2590 2675 2726 2740 Ad-

445 2782 643 2845 stricta
691 2778 787 2845 illa
836 2780 1069 2844 dicendi
1112 2781 1414 2861 brevitaS,
1459 2788 1523 2843 ut
1567 2780 1673 2843 alia
1719 2782 2011 2863 omittam,
2076 2784 2280 2847 Persio
2326 2801 2455 2846 cum
2501 2781 2731 2857 Tacito,

445 2888 579 2969 ipso
639 2895 883 2949 oratore
947 2885 1042 2948 vel
1103 2886 1298 2966 potius
1358 2894 1569 2967 poeta,
1630 2888 1954 2949 communis
2018 2893 2139 2963 est3
2204 2894 2454 2967 uterque
2529 2885 2731 2948 verbis

447 2984 711 3073 pressus
739 2991 1048 3056 sententiis
1090 2989 1368 3053 abundat.
1431 2991 1839 3054 Dominationc
1893 2992 2247 3071 impotente,
2307 2990 2568 3054 moribus
2614 3007 2734 3052 non

438 3097 559 3177 jam
604 3096 850 3178 integris
897 3095 1277 3177 perniciosa,
1321 3093 1458 3157 dum
1504 3095 1742 3178 ingenia
1787 3095 2073 3158 imbecilla
2122 3095 2555 3177 opprimuntur,
2602 3093 2736 3156 for-

447 3201 524 3262 tia
569 3201 839 3283 ingenia,
885 3199 1153 3277 Tacitus,
1201 3198 1607 3280 ThucydideS,
1669 3198 1919 3279 Cicera,
1965 3200 2428 3276 DemostheneS,
2473 3214 2728 3280 promo-

452 3312 666 3366 ventur
725 3311 783 3365 et
826 3302 1016 3366 felicia
1072 3311 1324 3366 naturae
1379 3304 1603 3365 semina
1663 3304 1949 3367 maturius
1997 3304 2342 3367 excitantur.
2405 3303 2735 3368 Stoicorum

454 3424 606 3470 vero
665 3406 901 3470 dicendi
960 3426 1149 3490 genus
1211 3407 1510 3470 concisum
1572 3426 1642 3469 ac
1702 3407 2018 3488 minutum,
2079 3406 2241 3488 quod
2304 3406 2466 3468 multi
2526 3406 2735 3469 Persio

396 3499 401 3504 ’
455 3511 886 3587 attribuerunt,
931 3511 1090 3573 illurn
1136 3529 1258 3573 non
1305 3511 1494 3573 minus
1542 3512 1978 3593 contempsisse
2023 3530 2100 3574 eo
2145 3511 2530 3593 perspicitur,
2579 3508 2737 3590 quod

457 3617 722 3681 Senecae
782 3616 1025 3698 ingenio
1088 3616 1318 3677 minime
1374 3623 1581 3696 captus
1644 3634 1786 3679 esse
1843 3616 2071 3680 dicitur.
2133 3615 2303 3689 Quae
2336 3613 2521 3702 *apud
2577 3612 2739 3677 illum

463 3720 846 3782 inveniuntur
901 3727 962 3782 et
1004 3718 1418 3801 philosophum
1467 3718 1711 3799 decent,
1768 3721 2062 3801 quietum,
2121 3719 2463 3801 aequabile,
2508 3727 2743 3800 tempe-

459 3832 649 3889 ratum
698 3823 932 3886 dicendi
976 3842 1206 3905 genus,
1252 3824 1654 3904 prooemium,
1717 3843 1838 3906 quo
1897 3825 2103 3888 lecturi
2161 3825 2387 3886 animus
2432 3821 2506 3885 ad
2552 3840 2747 3903 quae-

462 3929 676 3992 stionis
723 3946 1010 3992 summam
1055 3928 1495 4011 percipiendam
1544 3937 1966 4010 praeparetur,
2023 3928 2216 4010 logica
2263 3935 2745 4009 argumentorum

462 4017 805 4114 dispositu),
863 4032 1019 4113 apud
1063 4033 1328 4096 Persium
1388 4031 1607 4094 frustra
1655 4034 2049 4114 quaesiveris.
2111 4032 2261 4109 Num
2308 4032 2368 4093 in
2410 4031 2563 4093 illius
2608 4049 2749 4094 ser-

465 4153 640 4198 mone
687 4154 839 4198 nunc
883 4136 1174 4199 concitato
1222 4144 1282 4198 et
1325 4136 1714 4198 vehementer
1758 4146 2081 4216 commoto,
2137 4154 2296 4198 nunc
2343 4135 2537 4215 molli,
2580 4144 2647 4197 ut
2691 4137 2750 4197 in

464 4240 720 4302 carmine
774 4240 1078 4323 elegiaco,
1140 4248 1203 4305 et
1260 4249 1566 4304 mansueto
1627 4248 1790 4305 certa
1850 4249 1911 4306 et
1974 4241 2087 4306 sibi
2149 4248 2432 4304 constans
2495 4239 2747 4305 scholae

2230 4333 2274 4399 2
2295 4330 2334 4367 ὕ
