3246 4959
1492 314 1600 401 ι15

412 511 487 579 ad
532 512 858 579 Cornutum
902 515 1325 599 philosophum
1369 515 1547 594 misit,
1591 531 1769 596 quem
1829 514 1942 579 sibi
2000 520 2455 595 praeceptorem
2499 513 2692 577 conti·-

411 618 579 702 gisse
624 618 914 700 laetatur,
958 621 1129 703 cujus
1182 620 1242 683 in
1287 638 1357 683 se
1417 620 1627 682 merita
1688 625 1864 702 grato
1929 620 2123 681 animo
2181 618 2517 701 praedicat3
2564 616 2695 679 fere

412 722 608 803 inepte
645 723 914 804 fecisset,
958 726 1007 788 si
1052 724 1207 787 aliud
1253 731 1688 807 argumentum,
1733 722 1806 785 ab
1849 722 1950 785 illo
1995 721 2156 804 quod
2208 723 2481 786 tractavit
2523 720 2693 802 plane

413 823 736 906 diversum,
781 827 1084 911 elegisset.
1131 826 1311 891 Certe
1354 827 1505 891 haec
1546 827 1726 890 satira
1761 844 1879 889 non
1913 828 2093 890 multo
2126 833 2263 889 ante
2293 826 2479 890 Persii
2524 841 2694 888 mor-

413 937 532 994 tem
575 932 797 1014 scripta
842 939 953 1010 est,
999 951 1177 1014 quum
1223 931 1485 994 sedecim
1529 931 1628 994 ille
1672 947 1867 993 annos
1912 938 2080 994 natus
2127 930 2394 1004 Cornuti,
2440 946 2694 1011 quocum

413 1035 673 1118 „longos
718 1053 1087 1100 consumere
1132 1036 1299 1100 soles
1345 1045 1406 1099 et
1450 1035 1669 1117 primas
1713 1034 1904 1116 epulis
1950 1034 2286 1116 decerpere
2332 1030 2582 1098 noctes“
2625 1051 2696 1096 se

412 1140 871 1204 meminisse
915 1138 1073 1220 dicit,
1116 1140 1365 1203 amicitia
1407 1158 1478 1203 ac
1520 1139 1830 1221 disciplina
1888 1139 1972 1203 uti
2033 1139 2323 1221 coeperit.
2371 1169 2448 1181 —
2496 1137 2691 1200 Tertia

412 1243 589 1306 satira
633 1243 768 1307 illos
790 1289 809 1321 ,
855 1246 956 1326 qui
1007 1243 1315 1308 lenociniis
1369 1242 1745 1324 cupiditatum
1806 1243 2110 1322 obstricti,
2174 1241 2455 1307 socordia
2512 1249 2694 1322 atque

412 1346 622 1410 inertia
665 1348 844 1430 sopiti
887 1349 1066 1412 vitam
1133 1348 1367 1412 mollem
1429 1365 1501 1410 ac
1558 1347 1862 1412 delicatam
1921 1355 2101 1432 agant
2162 1355 2224 1411 et
2280 1345 2693 1429 philosophiae

412 1449 667 1515 studium
708 1451 1033 1537 negligant,
1075 1454 1242 1538 gravi
1287 1470 1443 1516 voce
1477 1451 1760 1534 increpat.
1806 1452 2084 1515 Proxime
2128 1459 2264 1514 ante
2293 1451 2540 1532 primam
2585 1468 2694 1513 sa-

412 1552 583 1615 tiram
625 1557 839 1638 scripta
880 1575 1021 1621 esse
1084 1556 1317 1620 videtur
1330 1575 1353 1635 ,-
1398 1556 1810 1640 gravissimum
1854 1563 1921 1619 ut
1964 1555 2077 1635 illa,
2123 1556 2321 1619 vitium
2381 1555 2694 1632 luxuriem,

413 1658 623 1720 summi
668 1660 969 1724 materiem
1014 1660 1171 1740 mali,
1215 1643 1568 1744 impugnans
1615 1659 1742 1741 pari
1784 1658 1919 1723 fere
1964 1660 2260 1723 sermonis
2290 1658 2587 1722 alacritate
2632 1666 2694 1720 et

414 1760 628 1845 vigore
670 1762 924 1827 excellit.
970 1764 1230 1827 Persium
1289 1765 1346 1826 in
1393 1765 1593 1827 satiris
1638 1763 1973 1827 scribendis
2032 1765 2144 1826 iam
2205 1771 2423 1826 tantum
2480 1761 2693 1845 profe-

414 1866 577 1929 cisse
621 1865 907 1945 videmus,
951 1875 1017 1930 ut
1061 1876 1278 1950 quanta
1322 1869 1537 1932 satirae
1565 1868 1867 1931 Romanae
1910 1885 2052 1948 spes
2096 1875 2289 1931 morte
2320 1867 2450 1950 ejus
2484 1868 2692 1931 imma·

414 1975 547 2032 tura
592 1970 862 2051 praecisa
905 1971 1001 2051 sit,
1044 1972 1147 2060 vix
1191 1972 1488 2036 aestimari
1536 1972 1743 2054 possit.

1474 2240 1535 2309 S.
1583 2234 1644 2297 5.

588 2387 813 2466 Restat,
875 2394 943 2450 ut
1003 2387 1083 2451 de
1137 2387 1545 2471 philosophica
1612 2389 1804 2453 Persii
1861 2389 2170 2453 satirarum
2230 2395 2439 2452 natura
2501 2407 2690 2470 pauca

416 2488 698 2573 adjiciam.
741 2522 832 2536 -
871 2493 964 2556 Ex
1007 2492 1104 2556 illa
1149 2492 1228 2557 de
1273 2494 1476 2557 Persio
1520 2493 1655 2576 ipso
1703 2495 1809 2558 viri
1872 2493 2105 2575 quidam
2166 2493 2325 2557 docti
2379 2494 2693 2577 conjectu-

414 2610 516 2658 ras
560 2594 859 2675 fecerunt,
902 2614 1055 2679 quae
1116 2597 1288 2662 nullis
1333 2597 1516 2661 firmis
1561 2618 1635 2662 ac
1688 2599 1870 2662 certis
1924 2599 2283 2683 argumentis
2343 2599 2691 2681 probantur.

414 2696 663 2764 Jahnius
705 2702 905 2784 (proli.
964 2720 1023 2784 p.
1068 2698 1179 2772 60)
1237 2703 1544 2782 „Persium
1604 2702 1777 2764 vitam
1839 2719 1961 2766 non
2029 2720 2145 2767 usu
2193 2703 2437 2766 novisse
2481 2704 2692 2785 ipsam,

417 2805 527 2869 sed
572 2805 805 2889 qualem
864 2806 1111 2870 scholae
1172 2825 1388 2870 severa
1450 2804 1760 2888 disciplina
1806 2804 2332 2887 repraesentari&
2357 2809 2692 2889 satirasque

417 2910 545 2991 ejus
603 2929 819 2990 „quam
865 2911 1120 2975 maxime
1178 2912 1611 2993 disputationes
1687 2928 1824 2973 esse
1885 2929 1921 2973 e
1983 2911 2210 2973 stoicae
2281 2910 2690 2994 philosophiae

413 3012 636 3077 scholis
707 3012 1080 3099 prognatas“
1139 3016 1249 3087 (ib.
1308 3035 1365 3097 p.
1426 3011 1543 3090 68)
1592 3013 1907 3095 judicavit,
1970 3031 2146 3095 quam
2204 3015 2315 3078 viri
2373 3014 2692 3079 doctissimi

417 3119 759 3180 sententiam
804 3120 1095 3203 integram
1140 3118 1397 3200 probare
1440 3134 1561 3180 non
1605 3135 1871 3199 possum.
1933 3118 2183 3181 onrsus
2246 3136 2395 3182 vero
2449 3119 2582 3183 ficta
2630 3127 2692 3183 et

419 3216 738 3303 arbitraria}
753 3221 848 3284 illa
876 3225 1163 3285 sententia
1193 3229 1306 3301 est,
1350 3221 1611 3284 Persium
1649 3240 1681 3284 a
1714 3223 1830 3283 vita
1861 3220 2155 3284 hominum
2183 3229 2474 3286 remotum
2506 3231 2688 3304 atque

417 3323 762 3402 „indefesso
830 3325 1158 3389 litterarum
1219 3324 1415 3389 studio
1478 3322 1887 3388 laborantem“
1950 3324 2153 3398 (Jahn.
2216 3325 2386 3406 proll.
2452 3345 2509 3408 p.
2555 3325 2689 3402 45.)

417 3427 571 3493 ultra
613 3429 874 3492 scholam
920 3437 981 3491 et
1023 3427 1338 3513 magistros
1382 3428 1525 3492 nihil
1556 3428 1826 3510 sapiisse.
1870 3429 2055 3491 Vitam
2086 3429 2404 3493 solitariam
2451 3438 2511 3494 et
2556 3450 2688 3494 um·-

415 3531 714 3611 braticam,
758 3533 991 3615 qualem
1035 3535 1223 3597 nostri
1267 3532 1629 3618 philosophi,
1687 3550 1889 3595 rerum
1949 3533 2335 3598 humanarum
2380 3533 2509 3598 sere
2553 3537 2691 3601 nul-

414 3636 527 3700 lam
573 3638 856 3700 rationem
911 3636 1235 3718 habentes,
1280 3638 1515 3717 colunt,
1562 3644 1843 3715 veteres,
1888 3637 1989 3718 qui
2049 3637 2476 3720 philosophiam
2534 3643 2691 3707 vitae

413 3749 581 3806 recte
626 3741 1028 3805 instituendae
1087 3741 1296 3805 ducem
1353 3761 1427 3806 ac
1469 3741 1811 3824 magistram
1856 3740 2169 3821 habebant,
2214 3751 2691 3826 contempserunt

413 3864 528 3909 nec
572 3863 829 3928 unquam
875 3847 1046 3910 talem
1091 3846 1390 3911 viderunt.
1481 3845 1561 3909 At
1595 3853 1963 3927 reputemuS,
2009 3864 2160 3926 quae
2206 3848 2363 3911 vitae
2406 3851 2685 3932 scriptor,

414 3950 686 4032 quisquis
730 3952 784 4015 is
829 3959 944 4031 est,
989 3951 1065 4015 de
1095 3952 1303 4017 Persio
1352 3951 1626 4015 narravit.
1679 3951 1732 4014 A
1782 3951 2049 4014 Remmio
2082 3952 2433 4016 Palaemone
2476 3972 2686 4039 gram-

414 4055 626 4117 matico
682 4061 745 4118 et
797 4056 1086 4139 Verginio
1147 4045 1333 4120 Flavo
1390 4055 1635 4119 rhetore
1695 4056 1907 4137 puerili
1954 4056 2219 4121 doctrina
2278 4058 2575 4121 institutus
2617 4057 2687 4124 1..

413 4155 662 4221 Annaeo
724 4157 1025 4240 Cornuto,
1071 4161 1202 4225 viro
1269 4160 1533 4225 doctrina
1591 4157 1822 4223 liberali
1875 4166 1936 4221 et
2006 4163 2257 4225 maxime
2312 4161 2684 4244 philosophia

413 4262 683 4345 erudito,
742 4264 803 4328 in
863 4265 1231 4350 disciplinam
1272 4284 1343 4332 se
1403 4265 1678 4345 tradidit,
1735 4283 1769 4328 a
1841 4282 1964 4348 quo
2023 4264 2568 4347 „aliquatenus
2627 4267 2687 4328 in
