3246 4959
1682 324 1735 395 4

568 511 779 576 satiras
823 509 1093 574 scribere
1148 511 1449 592 coeperit,
1517 510 1793 574 traditum
1840 526 1960 572 non
2006 516 2133 583 est3
2200 517 2365 576 certe
2417 519 2848 594 praematuram

567 615 961 680 adolescentis
1022 613 1280 678 indolem
1345 614 1622 678 admirari
1668 614 1987 693 debemus,
2045 614 2144 696 qui
2189 615 2465 696 satiram,
2521 626 2695 698 quam
2736 614 2848 678 viri

566 722 723 784 vitae
769 719 1103 801 peritissimi
1164 719 1416 803 aggredi
1479 727 1796 798 verentur,
1856 717 2335 783 adolescentulus
2399 721 2619 804 attigit,
2679 736 2847 782 mor-

564 832 702 888 tuus
748 825 897 886 enim
946 829 1039 885 est
1083 829 1218 885 ante
1263 841 1476 886 annum
1523 824 1730 887 aetatis
1776 822 2352 887 duodetricesimum.

660 924 1055 994 *Satirarum
1133 924 1341 990 librum
1417 947 1451 990 a
1520 926 1790 990 Cornuto
1862 927 2232 1011 recognitum
2299 927 2548 992 Caesius
2627 929 2847 992 Bassus

568 1041 779 1115 poeta,
821 1031 923 1113 qui
974 1050 1045 1092 »a
1090 1031 1274 1112 prima
1321 1030 1766 1094 adolescentia«
1815 1049 2041 1094 summa
2088 1029 2479 1095 familiaritate
2526 1048 2655 1095 cum
2695 1032 2848 1095 Per-

569 1140 659 1203 sio
716 1137 1067 1219 conjunctus
1127 1143 1291 1214 erat,
1350 1133 1562 1213 edidit;
1625 1134 1848 1199 editum
1907 1118 2188 1198 continuo
2249 1137 2445 1199 mirari
2491 1144 2550 1199 et
2593 1135 2851 1217 diripere

566 1243 835 1306 homines
883 1247 1229 1322 coeperunt.
1277 1238 1661 1323 Quantopere
1705 1246 1875 1303 etiam
1921 1239 2110 1303 doctis
2147 1241 2293 1304 viris
2330 1240 2633 1321 placuerit,
2677 1242 2849 1323 ipso-

566 1365 695 1410 rum
760 1343 958 1407 verbis
1017 1343 1322 1426 probatur.
1407 1343 1836 1424 Quintilianus,
1914 1344 2104 1408 Persii
2162 1344 2365 1408 verbis
2432 1362 2849 1426 nonnunquam

564 1468 742 1528 usus,
805 1447 1163 1512 celebratam
1231 1446 1305 1509 de
1364 1446 1463 1510 illo
1527 1449 1881 1512 sententiam
1944 1447 2117 1511 dixit:
2196 1449 2475 1513 »Multum
2546 1457 2608 1512 et
2665 1466 2849 1511 verae

568 1555 800 1640 gloriae
860 1553 1130 1635 quamvis
1192 1569 1312 1615 uno
1379 1551 1532 1616 libro
1590 1553 1833 1617 Persius
1902 1553 2179 1632 meruit,“
2245 1570 2501 1634 quocum
2576 1551 2851 1617 Martialis

571 1658 893 1723 consentit:

1088 1756 1341 1825 „Saepius
1374 1756 1427 1810 in
1461 1756 1590 1810 libro
1626 1765 1919 1809 numeratur
1952 1756 2155 1809 Persius
2194 1774 2297 1810 uno

1086 1842 1245 1904 Quam
1282 1843 1411 1897 levis
1448 1844 1500 1896 in
1535 1851 1638 1896 tota
1674 1843 1863 1896 Marsus
1901 1842 2269 1899 Amazonide.“

741 1967 1016 2032 Lucanus
1063 1969 1249 2031 Persii
1308 1969 1518 2033 satiras
1578 1967 1730 2032 adeo
1789 1967 2105 2032 admiratus
2167 1976 2293 2048 est,
2350 1967 2554 2031 utillo
2609 1968 2849 2031 satiram

571 2090 770 2136 coram
836 2073 1037 2136 amicis
1095 2075 1379 2136 recitante
1448 2072 1595 2135 haec
1664 2091 1807 2136 vera
1871 2092 2012 2136 csse
2080 2081 2347 2154 poemata
2411 2071 2725 2151 clamaret,
2791 2078 2853 2134 at

572 2196 731 2259 quae
778 2177 906 2259 ipse
963 2176 1187 2240 faceret
1244 2176 1442 2239 ludum
1488 2185 1713 2240 tantum
1751 2179 2086 2261 jocumque.
2130 2183 2184 2240 A
2223 2178 2621 2261 grammaticis
2664 2195 2851 2259 saepe

571 2299 789 2345 versus
838 2282 1020 2344 Persii
1063 2279 1407 2361 laudantur,
1468 2282 1751 2360 imprimis
1795 2299 1948 2345 vero
2003 2302 2034 2344 a
2097 2281 2488 2362 scriptoribus
2550 2280 2851 2345 ecclesia-

570 2387 764 2464 sticis,
811 2394 1011 2467 patres
1057 2403 1206 2466 quos
1251 2385 1481 2465 dicunt,
1526 2386 1826 2449 lectitatus
1873 2394 1998 2465 est,
2043 2388 2419 2469 Augustino,
2465 2385 2850 2463 Tertulliano,

569 2492 902 2569 Lactantio,
978 2491 1341 2573 Hieronymo
1414 2491 1704 2572 denique,
1777 2492 1885 2573 ‘qui
1952 2491 2443 2555 »disertissimum
2505 2491 2846 2554 satiricumoe

567 2594 854 2678 singulari
908 2593 1105 2658 studio
1152 2603 1210 2658 et
1264 2615 1467 2659 amore
1512 2595 1861 2679 complexus
1907 2597 2115 2661 satiras
2164 2597 2290 2677 ejus
2349 2595 2482 2659 fere
2529 2594 2850 2658 edidicisse

570 2698 825 2762 videtur.
912 2698 1025 2761 Alii
1096 2700 1461 2781 scriptores,
1545 2701 1644 2781 qui
1717 2700 1903 2764 Persii
1974 2700 2330 2763 mentionem
2395 2700 2706 2778 fecerunt,
2777 2698 2849 2762 ab

567 2802 777 2866 Jahnio
823 2803 914 2883 (p.
959 2799 1037 2864 51
1091 2807 1258 2883 sqq.)
1306 2811 1744 2868 enumerantur.

744 2905 939 2970 Media
1000 2923 1157 2987 quae
1217 2906 1428 2970 dicitur
1487 2915 1683 2971 aetate
1744 2907 2006 2971 Persium
2070 2924 2187 2969 non
2255 2908 2483 2971 minore
2540 2907 2730 2990 gratia
2791 2913 2852 2969 et

568 3012 919 3074 auctoritate
961 3007 1269 3089 floruisse,
1325 3029 1446 3074 non
1492 3011 1671 3073 modo
1717 3010 1959 3074 codices
2027 3011 2170 3076 satis
2216 3011 2377 3074 multi
2423 3018 2484 3073 et
2527 3012 2747 3091 antiqui
2791 3018 2853 3073 et

564 3114 821 3193 scholia,
866 3132 1018 3195 quae
1063 3123 1418 3195 supersunt,
1477 3116 1586 3179 sed
1633 3116 1803 3177 etiam
1850 3116 2184 3179 testimonia
2222 3114 2611 3196 complurium
2651 3116 2852 3195 scrip-

568 3227 754 3282 torum
816 3227 1123 3282 testantur.
1214 3218 1551 3282 Recentiori
1613 3228 1809 3285 aetate
1869 3221 1927 3282 in
1987 3219 2216 3302 judicio
2280 3219 2358 3283 de
2404 3221 2591 3284 Persii
2652 3219 2850 3283 satiris

566 3321 841 3386 faciendo
891 3323 998 3385 viri
1046 3322 1204 3386 docti
1249 3341 1615 3407 magnopere
1664 3324 1819 3387 inter
1864 3343 1932 3388 se
1977 3325 2352 3389 dissentiunt.
2402 3324 2589 3398 Quam
2637 3323 2855 3387 acerbe

566 3435 626 3489 et
686 3426 901 3508 injuste
964 3435 1217 3507 uterque
1264 3427 1533 3511 Scaliger
1590 3435 1651 3491 et
1693 3429 1842 3491 Dan.
1911 3429 2184 3493 Heinsius
2242 3427 2317 3492 de
2366 3429 2568 3491 Persio
2614 3427 2853 3510 judica-

567 3533 757 3594 verint
817 3539 1015 3593 notum
1066 3540 1194 3609 est,
1273 3550 1389 3597 nec
1463 3533 1645 3596 multo
1705 3532 1911 3595 melius
1978 3539 2181 3596 nostra
2248 3539 2441 3595 aetate
2499 3532 2852 3616 KoenigiuS‚

564 3634 891 3711 NizarduS,
943 3634 1343 3698 Bernhardius
1404 3636 1483 3698 de
1549 3635 1752 3698 Persio
1809 3636 2248 3712 existimarunt3
2322 3644 2382 3699 at
2436 3634 2848 3710 Casaubonus,

564 3740 915 3817 PassoviuS,
985 3738 1327 3819 HerderuS,
1398 3739 1770 3816 HamannuS,
1838 3737 1908 3801 G.
1971 3738 2040 3801 E.
2103 3739 2437 3815 Weberus,
2515 3733 2852 3818 Meisterus‚

562 3842 942 3921 HauthaliuS‚
988 3840 1061 3906 Ο.
1102 3842 1380 3922 JahniuS,
1428 3841 1494 3905 C.
1542 3843 1605 3905 F.
1656 3843 2058 3921 Her-mannus,
2103 3842 2520 3920 Schlosserus‚
2566 3841 2664 3904 alii
2698 3843 2850 3905 Per-

559 3951 711 4015 sium
775 3955 984 4011 contra
1045 3946 1274 4010 illorum
1346 3947 1787 4011 criminationes
1847 3947 2066 4028 optime
2127 3946 2524 4010 defenderunt
2594 3963 2850 4025 eumque

562 4053 771 4118 summi
829 4052 1117 4116 fecerunt.
1194 4052 1514 4115 verissime
1560 4050 1964 4130 Heinrichius,
2026 4051 2163 4132 qui,
2219 4051 2328 4113 etsi
2374 4050 2548 4113 multa
2595 4049 2654 4112 in
2699 4049 2851 4112 Per-

560 4157 651 4223 sio
699 4155 1096 4236 vituperavit,
1164 4156 1414 4220 virtutes
1480 4156 1612 4238 ejus
1685 4156 1941 4219 libenter
1991 4156 2299 4238 agnoscit,
2365 4156 2681 4238 plurimos,
2748 4155 2849 4234 qui

559 4263 636 4326 de
683 4261 882 4324 Persio
927 4258 1363 4341 judicaverint,
1422 4279 1558 4324 eum
1621 4258 1718 4323 vel
1770 4258 1995 4334 ,leviter
2039 4261 2340 4343 cognitum
2396 4259 2705 4324 damnasse
2750 4255 2848 4321 vel
