3246 4959
1662 226 1707 305 8

546 416 879 506 gravitate,
944 419 1272 484 urbanitate
1343 440 1414 485 ac
1483 425 1795 485 venustate
1862 421 2154 486 sermonis
2225 421 2500 488 Horatius
2566 398 2829 505 excellit,

547 525 810 604 PersiuS,
855 525 957 606 qui
1003 524 1121 587 alto
1166 525 1411 608 ingenio
1456 532 1516 586 et
1558 523 1754 587 studio
1800 525 2063 608 diligenti
2106 527 2285 590 vitam
2330 528 2626 592 hominum
2672 546 2827 590 con-

548 628 978 711 templabatur,
1039 628 1230 689 omnia
1291 627 1364 690 ad
1425 627 1701 709 optimam
1747 635 1806 691 et
1849 628 2180 711 perfectam
2225 631 2633 713 philosophiae
2678 650 2827 713 spe·
2951 684 2954 685 γ

547 734 696 798 ciem
741 732 1000 816 redegit.
1063 731 1290 814 Longis
1346 732 1793 812 quaestionibus
1838 741 1897 795 et
1956 733 2447 815 disputationibus
2490 735 2633 797 nihil
2679 753 2831 816 pro-

548 837 676 917 fici,
742 836 922 900 modo
982 837 1241 917 ipsorum
1309 835 1669 917 scriptorum
1731 844 1997 901 naturam
2058 846 2118 901 et
2181 845 2450 920 tempora
2520 840 2829 920 respicias,

549 942 806 1007 Montius
852 939 1030 1004 italus
1075 958 1219 1002 vere
1262 938 1508 1020 judicat,
1571 940 1740 1021 cujus
1796 941 1983 1005 verba
2044 942 2447 1026 perelegantia
2493 943 2586 1007 hic
2631 960 2829 1025 appo-

550 1066 698 1111 nere
742 1047 943 1108 liceat:
992 1043 1164 1117 (edit.
1210 1063 1268 1126 p.
1322 1042 1480 1116 103)
1552 1044 1843 1118 »Quando
1889 1063 2066 1110 cerco
2110 1065 2287 1111 uome
2333 1046 2391 1109 di
2437 1056 2639 1132 gusto,
2682 1048 2831 1111 vado

555 1151 628 1216 ad
673 1149 932 1229 Orazio‚
992 1148 1030 1211 il
1074 1149 1176 1229 piu
1222 1147 1500 1224 amabile;
1547 1145 1787 1230 quando
1831 1150 1911 1214 ho
1957 1151 2213 1236 bisogno
2260 1151 2317 1214 di
2361 1152 2480 1216 bile
2526 1152 2729 1214 contra
2774 1151 2831 1215 le

553 1274 766 1321 umaue
811 1252 1160 1330 ribalderie,
1204 1252 1378 1316 visito
1425 1253 1778 1333 Giovenale‚
1840 1255 1880 1316 il
1924 1256 2025 1337 piu
2068 1255 2410 1338 splendid03
2471 1255 2710 1337 quando
2756 1257 2834 1318 mi

556 1360 752 1425 studio
798 1359 1033 1422 d’esser
1079 1365 1328 1436 onesto,
1384 1357 1522 1420 vivo
1570 1376 1682 1420 con
1729 1359 1971 1437 Persio,
2010 1361 2053 1422 il
2096 1361 2196 1441 piu
2239 1361 2452 1445 saggio
2499 1380 2535 1424 e
2581 1379 2693 1422 con
2737 1363 2833 1423 in-

559 1465 720 1528 finito
765 1464 1008 1545 piacere
1056 1461 1387 1524 mescolato
1433 1460 1492 1525 di
1536 1480 1852 1547 vergogna
1882 1463 2038 1528 bevo
2082 1464 2122 1527 li
2168 1465 2368 1529 dettati
2399 1464 2554 1528 della
2585 1466 2834 1550 ragione

556 1585 628 1631 su
670 1567 730 1631 le
774 1565 976 1629 labbra
1023 1565 1078 1628 di
1126 1573 1337 1646 questo
1381 1566 1730 1630 verecondo
1780 1587 1815 1631 e
1861 1569 2196 1634 santissimo
2240 1569 2645 1654 giovanetto.“

1615 1829 1674 1900 §.
1722 1827 1782 1893 3.

727 1981 802 2045 Ut
862 1980 937 2044 ad
983 1980 1249 2044 Persium
1309 1980 1665 2063 redeamuS,
1724 1983 1944 2046 Horatii
1999 1983 2211 2048 satiras
2256 1985 2416 2050 illum
2461 1983 2733 2050 studiose
2777 1993 2840 2048 et

556 2088 869 2172 diligenter
919 2084 1187 2169 legisse,
1247 2085 1469 2149 Horatii
1530 2087 1765 2150 modum
1828 2094 1889 2150 et
1946 2089 2244 2154 sermonis
2304 2088 2657 2174 elegantiam
2722 2104 2838 2150 non

557 2208 928 2272 exaequasse
973 2189 1145 2253 facile
1190 2189 1595 2273 cognoscitur.
1645 2192 1724 2255 At
1768 2191 2008 2257 satirica
2056 2199 2116 2256 et
2159 2192 2405 2256 fortiora
2450 2193 2620 2275 plura
2662 2192 2843 2256 habet

556 2305 734 2378 atque
779 2312 857 2359 eo
903 2295 1145 2359 Horatio
1193 2294 1541 2375 praecellit,
1601 2295 1759 2377 quod
1804 2314 1924 2359 non
1970 2314 2170 2377 suam,
2228 2297 2335 2360 sed
2381 2298 2638 2361 omnium
2696 2315 2837 2360 cau-

560 2420 686 2466 sam
733 2401 889 2486 agit,
948 2398 1110 2482 quod
1168 2399 1403 2462 satiram
1450 2399 1520 2460 ab
1568 2398 1812 2463 aliorum
1858 2400 2182 2463 carminum
2240 2408 2448 2464 natura
2496 2400 2845 2465 diversissi-

561 2524 714 2570 mam
760 2512 821 2568 et
863 2504 1074 2568 finibus
1119 2505 1560 2587 angustioribus
1607 2504 1998 2586 conscriptam
2055 2504 2464 2586 philosophiae
2509 2506 2844 2588 praeceptis

564 2608 983 2693 pulcherrimis
1029 2607 1288 2670 distinxit
1346 2608 1717 2689 nominisque
1761 2607 1978 2672 invidia
2038 2608 2260 2672 sublata
2306 2612 2627 2692 praecipua
2670 2609 2845 2673 laude

564 2722 744 2795 atque
806 2714 1036 2777 honore
1102 2713 1434 2776 exornavit.
1524 2712 1916 2775 Desideratur
1987 2713 2044 2774 in
2104 2713 2348 2792 Persio,
2408 2714 2567 2795 quod
2629 2714 2846 2778 satirae

561 2817 867 2899 proprium
935 2834 1074 2880 esse
1150 2815 1340 2894 solet,
1409 2823 1473 2880 ut
1538 2816 1907 2900 singulorum
1977 2816 2269 2880 hominum
2340 2818 2475 2881 vitia
2553 2825 2849 2895 notentur,

563 2940 742 3003 quum
807 2938 1060 3002 quorum
1125 2937 1321 2982 mores
1368 2919 1790 2983 describuntur
1843 2938 1961 2982 non
2023 2919 2250 3001 quidam
2312 2920 2528 2985 fuerint
2580 2922 2881 2985 omnibus-

560 3028 726 3105 noti,
784 3026 890 3090 sed
954 3025 1204 3108 generis
1265 3024 1398 3087 fere
1459 3022 1762 3105 cujusdam
1807 3023 2104 3085 hominum
2150 3024 2435 3107 imagines
2481 3032 2539 3087 et
2584 3024 2850 3106 exempla

564 3131 830 3196 referant
876 3130 1098 3211 quique
1145 3128 1223 3191 illi
1269 3128 1488 3192 fuerint
1532 3145 1716 3191 nosse
1760 3127 1929 3208 parvi
1973 3127 2217 3191 intersit.
2267 3128 2388 3191 Hac
2430 3147 2500 3191 re
2544 3127 2850 3191 Juvenalis

568 3234 833 3298 Persium
895 3232 1075 3295 valde
1121 3251 1440 3314 superasse
1503 3232 1750 3308 dicitur3
1812 3230 1922 3294 sed
1971 3231 2106 3311 ille,
2163 3232 2487 3296 verborum
2542 3232 2852 3317 prodiguS,

569 3337 990 3402 sententiarum
1035 3355 1302 3418 pauper,
1361 3353 1537 3415 num,
1584 3335 1743 3417 quod
1790 3335 2049 3417 ipsorum
2093 3336 2415 3419 principum
2471 3351 2669 3400 mores
2713 3353 2853 3400 cor-

571 3448 780 3523 ruptos
841 3448 902 3504 et
961 3441 1233 3523 perditos
1290 3442 1612 3519 notaverit,
1669 3442 1830 3503 veris
1874 3439 2145 3504 laudibus
2191 3448 2471 3521 ornetur,
2526 3440 2698 3504 valde
2742 3439 2853 3502 du-

570 3546 711 3611 bito,
774 3545 988 3608 Libera
1053 3547 1277 3608 veritus
1329 3545 1550 3607 „verba
1609 3544 1780 3606 animi
1828 3544 2106 3625 proferre
2148 3552 2210 3607 ct
2265 3546 2443 3609 vitam
2505 3543 2853 3627 impendere

570 3666 762 3713 vero«
815 3648 908 3726 (4,
953 3648 1072 3723 96)
1134 3666 1204 3711 se
1262 3650 1321 3711 iu
1383 3648 1507 3710 sola
1568 3655 1969 3726 mortuorum,
2029 3654 2234 3729 utpote
2280 3650 2381 3730 qui
2443 3667 2560 3711 non
2605 3648 2853 3731 amplius

574 3754 918 3832 mordeant,
962 3751 1186 3835 flagitia
1232 3752 1601 3814 invecturum
1650 3769 1785 3815 esse
1830 3751 2174 3833 profitetur:

988 3870 1269 3938 „Experiar
1305 3870 1429 3939 quid
1466 3869 1781 3923 concedatur
1815 3870 1867 3922 in
1904 3869 2012 3921 illos

988 3956 1206 4016 Quorum
1247 3957 1483 4009 Flaminia
1509 3958 1700 4037 ⁴tegitur
1736 3956 1859 4008 cinis
1895 3964 2044 4026 atque
2081 3956 2310 4015 Latina.“
2516 3958 2595 4024 (Ι,
2634 3959 2791 4023 extr.)

751 4064 995 4128 Satiram
1041 4064 1168 4142 lv„
1212 4082 1324 4145 qua
1361 4064 1673 4127 Domitiani
1718 4064 1952 4126 insanas
1997 4064 2268 4145 ineptias,
2314 4061 2482 4144 Vlll.‚
2527 4064 2585 4126 in
2631 4083 2747 4146 qua
2793 4083 2855 4127 v·

578 4166 728 4250 193,
776 4166 927 4249 198,
973 4164 1317 4232 211-230
1376 4167 1636 4231 Neronis
1694 4165 2101 4232 crudelitatem
2160 4186 2232 4231 ac
2291 4167 2443 4230 levia
2496 4169 2668 4236 simul
2712 4169 2855 4234 artis
