3246 4959
1488 320 1587 400 27

572 516 646 581 V.
691 515 799 581 60.
840 515 1045 580 Lectio
1088 513 1460 597 „tantac“‚
1502 515 1614 581 etsi
1660 515 1891 600 majore
1935 514 2111 579 codd.
2144 515 2496 581 auctoritate
2537 515 2681 577 niti-

405 629 502 686 tur
545 629 607 685 et
649 620 856 684 verbis
899 621 1288 687 scholiastaez
1350 628 1586 700 „tantae
1644 621 1703 685 id
1749 630 1844 685 est
1888 628 2112 685 tantum
2157 616 2467 704 prolatae“
2510 637 2682 683 com-

405 724 652 807 probari
709 724 969 805 videtur,
1037 725 1184 788 ferri
1252 727 1494 806 nequit,
1554 726 1652 788 cui
1712 725 1955 789 alteram
2016 725 2329 789 lectionem
2387 730 2685 788 tantum

406 828 701 908 HauthaI„
747 830 972 907 Heium,
1030 828 1289 893 Orellius
1334 828 1798 911 praeferendam
1844 838 2227 893 censuerunt.
2273 828 2520 892 Pluralis
2565 826 2687 899 ille,

410 953 443 997 a
488 941 706 1014 poetae
737 933 940 997 verbis
985 932 1234 1013 alienuS,
1278 941 1338 996 et
1370 934 1878 1016 grammaticorum
1908 932 2140 1016 legibus
2169 940 2228 996 et
2270 933 2455 1014 ipsius
2500 932 2680 995 scho-

406 1038 615 1102 liastae
655 1038 891 1103 verbist
938 1046 1084 1116 „aut
1129 1037 1489 1120 protendunt
1530 1038 1919 1122 linguam,
1963 1045 2238 1118 quantum
2285 1036 2475 1117 Apula
2521 1036 2686 1099 canis

407 1142 584 1206 multa
632 1143 726 1206 siti
771 1186 791 1206 .
834 1186 854 1205 .
900 1187 920 1205 .
964 1187 1005 1221 .‚
1048 1161 1183 1207 nam
1229 1144 1340 1206 tria
1373 1150 1513 1207 sunt
1556 1160 1783 1227 genera
1822 1160 2162 1220 sannarum,
2206 1148 2307 1204 aut
2333 1158 2509 1203 manu
2553 1139 2690 1222 sig-

408 1246 653 1311 nificare
698 1249 1005 1326 ciconiam,
1050 1255 1150 1311 aut
1189 1247 1487 1311 auriculas
1534 1248 1706 1327 asini,
1752 1255 1853 1311 aut
1896 1248 2235 1330 linguam
2281 1245 2534 1331 sitientis
2580 1261 2692 1305 ca-

411 1351 544 1416 nis“
590 1351 991 1437 redarguitur.
1060 1384 1131 1397 —-
1197 1354 1266 1414 V.
1316 1353 1417 1416 56.
1465 1352 1702 1418 Verbaz
1747 1351 1904 1430 „Qui
1963 1359 2104 1433 pote
2150 1351 2243 1413 vis
2291 1347 2520 1413 dicam“
2563 1364 2690 1410 non

412 1457 623 1534 Persii,
667 1457 812 1536 „qui
856 1474 969 1537 pro
997 1456 1208 1519 cliente
1252 1474 1371 1518 non
1417 1465 1672 1539 rogatus
1719 1452 2086 1536 respondet“
2131 1455 2362 1527 (Herm.
2408 1454 2472 1516 L.
2519 1452 2579 1515 P.
2623 1449 2695 1529 11,

414 1579 471 1642 p.
525 1558 655 1638 14],
714 1559 821 1622 sed
866 1560 1053 1642 ipsius
1098 1561 1327 1623 clientis
1372 1578 1511 1624 esse
1557 1559 1694 1623 mihi
1742 1560 2051 1637 videntur,
2111 1561 2210 1640 qui
2255 1557 2397 1639 quid
2442 1565 2694 1638 patrono

414 1665 561 1727 satis
608 1663 849 1747 dignum
896 1664 1167 1747 proferat
1209 1666 1380 1728 animi
1412 1664 1654 1746 pendet.
1693 1664 1917 1743 Atille,
1962 1663 2099 1726 dum
2146 1663 2381 1726 laudem
2426 1678 2685 1742 exspec-

417 1769 554 1830 tanti
602 1787 635 1830 a
681 1776 851 1851 tergo
900 1767 1194 1847 illuditur,
1255 1787 1458 1832 morae
1503 1770 1810 1849 impatiens
1871 1769 2082 1830 iterum
2128 1769 2360 1849 quaerit
2418 1762 2695 1838 01:63).

423 1871 612 1950 „Quis
656 1872 862 1954 populi
905 1890 1111 1937 sermo
1166 1870 1357 1935 est?“
1402 1872 1592 1952 „Quis
1638 1874 1794 1936 enim
1840 1873 1954 1934 nisi
2003 1919 2018 1936 .
2065 1916 2082 1935 .
2126 1916 2143 1937 .
2200 1871 2260 1935 .“
2321 1871 2508 1933 cliens
2552 1885 2696 1931 res-

420 1975 649 2057 pondet
673 1984 736 2039 et
778 1995 875 2040 vv.
924 1975 1183 2039 63—68
1228 1984 1461 2057 poetam
1524 1975 1795 2039 laudibus
1843 1984 2136 2054 exornat,
2184 1994 2340 2058 quae
2401 1994 2480 2039 ex
2533 1990 2700 2036 mar-

418 2080 804 2143 morariorum
851 2089 913 2143 et
956 2079 1259 2143 fabrorum
1305 2080 1588 2161 loquendi
1634 2099 1802 2144 more
1847 2080 2255 2143 conformatae
2301 2078 2508 2161 populi
2553 2095 2700 2141 ser-

417 2202 669 2261 monem,
714 2185 880 2267 cnjus
924 2185 1022 2247 ille
1065 2186 1360 2267 interpres
1406 2193 1519 2263 est,
1565 2186 1788 2266 optime
1846 2186 2199 2266 exprimunt.
2260 2184 2554 2247 Versuum
2600 2179 2698 2242 le-

417 2290 651 2351 vitatem
721 2296 779 2351 et
825 2289 1178 2372 elegantiam
1242 2289 1485 2352 laudans
1552 2290 1811 2351 carmina
1868 2288 2135 2370 elegiaca
2196 2287 2292 2350 vel
2349 2289 2536 2371 lyrica
2592 2301 2697 2348 rev

417 2394 689 2472 spexisse
731 2392 990 2470 videtur,
1035 2401 1223 2468 certe,
1269 2393 1427 2474 quod
1460 2394 1744 2474 particula
1790 2393 1964 2456 sive
2009 2392 2321 2470 indicatur,
2350 2409 2447 2453 vv.
2473 2389 2582 2467 67,
2607 2387 2694 2450 68

420 2496 577 2560 aliud
624 2499 943 2561 carminum
988 2517 1207 2581 genuS‚
1252 2507 1313 2560 ut
1357 2498 1544 2560 verbo
1591 2517 1792 2580 opus
1852 2505 1978 2561 est
2023 2506 2085 2562 et
2127 2494 2415 2580 particula
2460 2495 2536 2557 in
2581 2492 2699 2556 de-

422 2601 712 2679 claratur,
760 2604 1060 2665 satiricum
1127 2601 1503 2665 describitur.
1577 2602 1949 2666 Prandiis
2000 2619 2269 2684 regum
2330 2598 2700 2682 tragoediam

421 2705 744 2787 significari
791 2707 1113 2769 Donnerus
1160 2708 1546 2786 existimavit,
1592 2706 1752 2787 quod
1799 2707 2129 2769 sententiae
2175 2704 2579 2785 aptissimum,
2626 2701 2703 2763 ob

424 2810 741 2873 verborum
776 2810 1301 2874 conformationem
1348 2811 1738 2892 mihiparum
1784 2811 1914 2873 veri
1960 2809 2150 2874 simile
2194 2808 2454 2872 videtur.
2500 2841 2580 2849 -
2629 2807 2705 2870 V.

421 2914 505 2976 69
553 2933 686 2996 sqq.
730 2915 971 2978 Persius
1016 2917 1169 2997 ipse,
1215 2914 1380 2997 quod
1425 2916 1596 2978 etiam
1645 2915 1929 2994 particula
1976 2930 2164 2975 ecce
2224 2911 2545 2993 probatur,
2590 2927 2704 2990 qua

422 3036 661 3099 semper
722 3035 937 3081 novum
999 3019 1137 3100 quid
1183 3018 1503 3096 indicatur,
1566 3017 1642 3081 de
1705 3020 1939 3082 miseris
2000 3016 2115 3079 illis
2184 3017 2379 3097 poetis
2430 3013 2711 3096 judicium

421 3120 580 3184 fecit.

596 3227 665 3289 V.
714 3225 815 3290 ⁷11.
860 3226 1061 3290 Lectio
1086 3226 1402 3290 multorum
1446 3227 1682 3307 quidem
1721 3225 1893 3289 codd.
1940 3225 2405 3289 dictaturam
2452 3241 2488 3285 e
2521 3220 2706 3286 scho-

424 3329 634 3394 liastae
678 3330 884 3393 verbis
951 3332 1011 3393 in
1073 3337 1300 3394 textum
1359 3331 1679 3411 irrepsisse
1739 3328 1875 3392 mihi
1918 3328 2172 3393 videtur.
2264 3326 2439 3409 Apud
2485 3326 2709 3389 Livium

423 3432 553 3512 (Ill,
598 3434 715 3510 26)
780 3451 935 3497 uxor
980 3434 1302 3497 Cincinnati
1356 3441 1601 3517 „togam
1648 3451 1911 3515 propere
1988 3452 2024 3495 e
2087 3432 2328 3514 tugurio
2388 3425 2708 3511 proferre“

424 3536 687 3619 iubetur,
730 3556 920 3619 quare
958 3537 1032 3600 de
1059 3544 1230 3600 veste
1261 3537 1509 3618 quadam
1540 3536 1870 3616 dictatoria,
1916 3556 2072 3618 quae
2104 3536 2388 3599 dictatura
2420 3531 2710 3614 appellata

436 3644 535 3720 sit,
593 3644 830 3705 omnino
876 3642 1128 3725 cogitari
1175 3658 1292 3703 non
1336 3649 1550 3722 potest.
1597 3641 1660 3703 ln
1706 3642 1941 3723 optimis
1987 3640 2162 3703 codd.
2220 3639 2712 3709 dictatorem,

435 3748 494 3809 in
552 3746 891 3829 fragmento
935 3745 1070 3809 cod.
1115 3744 1378 3808 Vaticani
1424 3746 1786 3826 palimpsesti
1850 3744 2131 3825 „Quem
2193 3735 2713 3806 dictatorem“

435 3852 671 3934 legitur,
715 3868 870 3930 quae
915 3849 1092 3912 lectio
1119 3849 1256 3911 mihi
1286 3849 1501 3930 optima
1536 3848 1797 3913 videtur.
1843 3850 2051 3913 Altera
2085 3847 2287 3927 lectio,
2333 3843 2490 3927 quod
2514 3845 2717 3911 Herm.

433 3955 678 4037 putavit,
722 3952 947 4019 Sidonii
990 3952 1353 4034 Apollinaris
1400 3952 1636 4018 verbist

750 4089 870 4152 „Sic
908 4087 1162 4158 quondam
1202 4086 1266 4138 ad
1303 4090 1499 4155 patriae
1538 4104 1618 4140 res
1654 4089 1841 4141 fractas
1881 4103 2072 4156 pauper
2105 4094 2273 4138 arator

754 4174 1062 4227 Cincinnato
1098 4176 1267 4236 venis,
1303 4181 1529 4225 veterem
1568 4191 1704 4227 cum
1743 4181 1793 4225 te
1830 4173 1991 4226 induit
2026 4189 2151 4227 uxor

746 4262 878 4314 Ante
910 4260 1074 4316 hoves
1112 4260 1430 4327 trabeam,
1465 4296 1483 4314 .
1518 4299 1534 4317 .
1568 4261 1626 4316 .“
