3246 4959
1504 303 1599 377 21

419 495 565 579 logo
608 494 980 579 disponendo
1024 496 1202 559 utitur
1246 495 1549 575 libertate,
1610 514 1731 577 quo
1776 496 1993 559 factum
2038 504 2166 576 cst,
2226 505 2291 560 ut
2337 499 2692 580 interpretes

419 601 709 663 nonnullis
752 602 900 663 locis
946 600 1103 664 dubii
1149 601 1383 679 fuerint,
1426 608 1621 664 utrum
1668 602 1851 664 verba
1896 600 2221 664 adversarii
2279 602 2493 684 aliquid
2540 623 2693 666 con-

419 712 508 767 tra
553 704 803 769 dicentis
862 707 1012 784 sint,
1075 723 1152 768 an
1196 703 1379 767 Persii
1436 723 1547 786 per
1603 706 1849 768 ironiam
1909 706 2243 787 loquentis,
2298 725 2477 789 quum
2537 726 2690 770 non·

415 827 735 890 nunquam,
781 810 1123 873 adversario
1153 803 1433 888 dimisso,
1489 827 1662 889 quem
1709 810 1807 873 ille
1852 812 2155 892 inceperat
2196 829 2532 875 sermonem
2579 814 2694 876 ab·

415 913 611 978 solvat
667 914 765 978 vel
825 922 1043 977 tantum
1104 915 1380 979 imitetur.
1452 913 1600 977 Aliis
1653 914 1801 978 locis
1847 914 1927 993 (t,
1971 912 2055 981 24
2099 932 2234 996 sqq.
2290 916 2372 978 92
2418 934 2550 997 sqq.
2596 916 2693 998 Vl,

418 1015 499 1082 33
546 1020 711 1099 sqq.)
771 1019 1127 1099 interpretes
1185 1018 1339 1079 adeo
1400 1024 1705 1098 errarunt,
1762 1027 1824 1081 ut
1881 1017 2227 1081 adversario
2285 1020 2695 1102 attribuerent,

396 1122 568 1205 *quae
630 1124 704 1186 ab
765 1124 894 1207 ejus
956 1131 1166 1187 natura
1232 1140 1482 1205 prorsus
1541 1121 1896 1199 abhorrent3
1971 1140 2044 1184 au
2109 1130 2378 1204 poetam,
2447 1124 2587 1186 alias
2632 1126 2690 1187 in

355 1282 359 1288 .
417 1228 711 1291 hominum
758 1228 1025 1291 moribus
1072 1226 1464 1311 depingendis
1511 1220 1868 1312 egregiuim
1911 1226 2026 1290 illic
2069 1228 2276 1290 mirum
2335 1229 2393 1291 in
2453 1227 2690 1293 modum

417 1351 657 1397 errasse
704 1332 1028 1413 putarunt?

593 1437 890 1500 Hactenus
933 1436 1117 1515 haec,
1173 1435 1285 1500 etsi
1343 1434 1453 1499 alia
1509 1435 1688 1498 multa
1733 1434 1809 1498 de
1854 1436 2056 1509 novis,
2118 1453 2268 1517 quae
2312 1435 2553 1499 Persius
2599 1437 2698 1501 vel

420 1541 778 1624 excogitavit
833 1539 927 1603 vel
983 1540 1242 1621 recepit,
1313 1539 1652 1617 vocabulis,
1725 1539 1801 1602 de
1860 1540 2063 1628 benev·
2090 1547 2313 1604 structa
2372 1540 2694 1605 verborum

421 1646 839 1724 collocatione,
895 1645 972 1708 de
1018 1663 1295 1708 versuum
1340 1644 1599 1723 ratione,
1658 1644 1865 1708 similia
1912 1642 2138 1708 addere
2184 1662 2426 1724 possem
2473 1653 2533 1706 et
2574 1665 2685 1709 cu-

422 1767 657 1832 perem,
714 1751 824 1813 nisi
886 1750 1070 1813 altera
1141 1749 1548 1829 disputationis
1612 1765 1791 1830 pars,
1868 1767 2023 1830 quae
2094 1748 2388 1811 nonnuliis
2448 1750 2693 1833 gravior

421 1855 721 1932 videatur,
785 1855 1020 1933 critica,
1066 1860 1130 1916 ut
1172 1854 1535 1939 grammatici
1581 1852 1939 1934 loquuntur,
1999 1851 2191 1916 adhuc
2234 1853 2464 1934 reliqua
2509 1862 2694 1917 esset.

422 1960 514 2024 Ad
552 1959 704 2022 iilam
751 1960 933 2044 igitur
976 1976 1190 2042 pergo.
