3246 4959
1628 274 1726 348 36

539 462 777 528 Catonis
822 462 1256 528 deliberativam
1292 463 1625 527 orationem
1671 479 1754 526 re
1776 457 2178 527 citarem.“
2223 460 2596 544 Lippitudine
2626 460 2817 526 simu-

534 566 646 630 lata
690 586 839 649 puer
883 569 1131 650 primum
1178 566 1515 647 ediscendi,
1569 564 1823 645 deinde,
1870 565 2031 647 quod
2076 582 2363 629 summum
2408 573 2571 644 erat,
2619 582 2816 627 coram

535 678 708 755 patre
769 680 829 736 et
873 673 1070 734 amicis
1132 672 1205 734 ab
1268 690 1342 734 eo
1399 670 1668 734 adductis
1728 668 2010 734 recitandi
2055 669 2355 749 laborem,
2410 670 2662 734 maxime
2708 669 2818 732 sibi
2909 726 2915 730 .

418 841 425 845 ,
536 777 825 855 invisum,
882 776 1112 861 effugit.
1184 776 1504 856 Perperam
1557 792 1708 837 vero
1754 773 1991 852 Herm.,
2049 772 2317 837 codicum
2386 791 2634 836 numero
2683 772 2819 853 plu-

536 881 685 943 rium
731 889 789 942 et
833 881 1191 945 scholiastae
1236 880 1641 943 auctoritatem
1704 885 1980 958 secutuS,
2036 895 2148 959 pro
2195 895 2344 940 non
2391 896 2584 941 sano
2629 897 2690 940 v.
2738 876 2820 938 46

540 992 616 1048 et
673 984 964 1048 insano
1021 985 1295 1065 scripsit,
1357 983 1519 1065 quod
1581 982 1656 1046 de
1721 989 2110 1064 praeceptore
2156 981 2562 1046 immodestius
2609 981 2714 1053 (cf.
2760 999 2819 1043 v.

541 1085 668 1151 118
712 1106 874 1167 „non
904 1106 1087 1152 sanus
1123 1086 1454 1161 Orestes“)
1500 1087 1719 1166 dictum
1767 1086 1964 1151 fuerit.
2012 1086 2155 1149 Tum
2199 1085 2486 1169 particula
2519 1094 2622 1164 et,
2666 1101 2824 1165 quae

538 1210 640 1254 vv.
709 1190 1044 1274 grandia
1107 1201 1167 1255 et
1212 1191 1592 1256 laudanda
1641 1193 1979 1277 conjungit,
2039 1192 2271 1254 minime
2318 1190 2531 1274 placet.
2578 1189 2817 1253 Lectio·
2903 1174 2908 1177 ’

540 1296 631 1360 nis
675 1296 965 1379 originem
1010 1296 1181 1361 Jahn.
1229 1296 1509 1360 ostendit.
1558 1331 1640 1343 —
1686 1298 1753 1361 V.
1803 1297 1903 1362 54.
1968 1297 2130 1360 Cave
2175 1294 2456 1379 particula
2503 1302 2574 1357 et
2617 1293 2816 1375 adjec-

538 1400 654 1463 tiva
714 1399 1090 1463 insomnis
1147 1408 1209 1464 ct
1267 1401 1601 1463 detonsa
1661 1400 1969 1481 conjuncta
2033 1406 2240 1480 putes3
2298 1398 2371 1461 ad
2417 1417 2469 1462 v.
2540 1397 2824 1479 quibus

537 1502 860 1567 referenda
905 1511 1016 1568 est.
1062 1504 1341 1569 Similiter
1387 1504 1482 1583 Vl,
1513 1501 1608 1566 ’13
1658 1522 1952 1583 „securus
1997 1512 2058 1567 et
2101 1501 2356 1586 angulus
2402 1501 2501 1566 ille
2536 1548 2551 1564 .
2583 1545 2600 1566 .
2646 1499 2826 1584 quia“

542 1614 620 1670 et
667 1609 1083 1689 postpositum,
1128 1627 1324 1690 neque
1372 1609 1796 1693 negligendum
1843 1615 1957 1684 est,
2015 1605 2177 1687 quod
2224 1607 2463 1670 Persius
2509 1605 2827 1689 particulas

543 1711 909 1793 copulativas
956 1712 1258 1794 duplicare
1304 1713 1459 1776 solet
1524 1718 1859 1795 (que-et
1901 1709 1948 1786 1,
2006 1715 2113 1788 '773
2177 1729 2488 1792 que-ac
2546 1711 2616 1788 V,
2668 1707 2826 1785 1143

543 1834 917 1897 que-que
962 1815 1021 1895 1,
1065 1816 1168 1880 48.
1213 1817 1296 1895 ll,
1343 1817 1401 1882 6.
1449 1818 1551 1881 25.
1601 1812 1703 1881 32.
1766 1815 1873 1893 lll,
1919 1813 2214 1879 61.108.
2268 1812 2410 1878 117.
2456 1814 2530 1892 V,
2576 1815 2681 1881 64.
2727 1810 2827 1889 Vl,

543 1918 647 1983 28.
693 1920 833 1994 47.)
866 1944 960 1963 ·-—
1008 1920 1079 1983 V.
1127 1920 1229 1985 56.
1298 1920 1609 1983 Hermanni
1659 1920 1834 1983 lectio
1881 1918 2248 1998 deduxit,
2307 1938 2479 2000 quam
2528 1918 2665 1983 Csb.
2713 1934 2826 1979 usu

538 2021 821 2105 loquendi
879 2024 1129 2088 refutari
1192 2029 1507 2106 coguovit,
1576 2024 1712 2087 loco
1777 2041 1956 2105 quem
2023 2023 2209 2087 attulit
2269 2023 2343 2101 V,
2388 2020 2471 2086 35
2535 2020 2830 2100 „Deducit

543 2128 805 2208 trepidas
848 2147 1085 2193 ramosa
1130 2130 1190 2193 in
1236 2129 1490 2210 compita
1550 2127 1818 2192 mentcs“
1866 2128 2099 2191 minime
2159 2125 2530 2208 defenditur3
2593 2125 2670 2188 ibi
2709 2123 2831 2186 ho-

541 2231 725 2294 mines
770 2233 828 2294 in
875 2233 1160 2314 compita,
1221 2232 1318 2294 ubi
1364 2233 1497 2295 viae
1543 2231 1939 2310 diducuntur,
2001 2230 2217 2294 deduci
2281 2230 2571 2293 dicuntur.
2625 2229 2829 2292 Finem

541 2335 747 2414 simul,
808 2353 983 2417 quem
1032 2338 1162 2419 quis
1222 2337 1333 2400 sibi
1380 2344 1711 2417 proponat,
1779 2356 1835 2397 v.
1884 2335 2208 2399 deduxit
2263 2334 2583 2419 significari
2633 2333 2829 2395 Herm.

545 2440 645 2513 (L.
693 2441 751 2503 P.
797 2439 865 2520 ll,
907 2460 968 2524 p.
1015 2440 1132 2515 35)
1199 2441 1334 2504 mihi
1380 2458 1496 2504 non
1543 2440 1832 2523 probavit.
1885 2473 1963 2484 —
2011 2459 2065 2506 v.
2113 2439 2219 2504 60.
2281 2438 2453 2515 Quod
2499 2439 2558 2503 in
2607 2437 2828 2520 pleris-

544 2563 662 2625 que
707 2544 885 2607 codd.
929 2546 1179 2629 legitur,
1238 2546 1349 2610 sed
1394 2547 1602 2610 Latine
1667 2546 1780 2610 dici
1842 2564 1960 2609 non
2015 2553 2216 2628 potest
2270 2546 2341 2607 in
2402 2562 2585 2625 quo,
2631 2543 2828 2605 Herm.

546 2648 847 2730 quomodo
903 2650 1256 2714 scholiastae
1330 2650 1531 2713 verbis
1598 2652 1658 2730 „i
1685 2669 1720 2712 n
1782 2668 1942 2732 quo
1997 2650 2169 2712 animi
2231 2667 2451 2712 nervos
2517 2641 2832 2713 intendas“

545 2751 783 2816 defendi
843 2754 954 2817 sibi
1014 2757 1412 2836 persuaserit,
1485 2754 1762 2836 equidem
1818 2772 1940 2816 non
2003 2753 2284 2837 intellig0.
2346 2754 2553 2833 Neque
2611 2751 2832 2826 Herm.,

547 2876 580 2919 a
622 2856 833 2920 Jahnio
893 2858 1149 2932 (Ztschr.
1211 2859 1250 2922 f.
1312 2859 1526 2922 Althw.
1594 2856 1760 2922 1844
1817 2877 1877 2939 p.
1942 2856 2137 2928 1112)
2200 2864 2260 2920 et
2318 2855 2605 2919 Teuffelio
2667 2853 2831 2926 (Jen.

545 2961 776 3043 Littztg.
826 2961 993 3026 1845
1040 2982 1094 3044 p.
1145 2958 1299 3038 781)
1362 2966 1619 3026 monitus
1683 2963 2033 3026 sententiam
2090 2980 2247 3025 nunc
2311 2959 2666 3042 improbavit
2756 2955 2830 3018 In

547 3064 746 3144 quod
805 3073 970 3130 recte
1031 3085 1100 3130 se
1145 3067 1327 3131 habet
1385 3076 1445 3131 et
1504 3067 1836 3149 prudenter
1882 3087 1915 3131 a
1963 3067 2168 3130 Persio
2229 3083 2341 3147 pro
2409 3062 2638 3145 vulgari
2686 3077 2831 3141 quo

547 3167 763 3231 dictum
811 3177 919 3232 est.
985 3170 1158 3244 Quod
1205 3189 1414 3235 omues
1461 3172 1593 3235 fere
1640 3171 2069 3254 neglexerunt,
2133 3188 2312 3251 quum
2376 3175 2513 3249 post
2556 3185 2615 3230 v.
2663 3173 2834 3228 ten-

547 3270 664 3334 dis
709 3273 1218 3354 interpunxerint,
1276 3294 1333 3337 v.
1379 3295 1628 3338 arcum
1677 3276 1852 3338 etiam
1899 3274 1969 3336 ad
2038 3294 2092 3337 v.
2140 3273 2405 3337 tendis
2450 3268 2834 3334 referendum

548 3383 658 3438 est.
722 3376 835 3450 Qui
894 3397 1094 3441 arcum
1158 3380 1378 3459 tendit,
1440 3381 1633 3458 viam,
1691 3398 1807 3460 qua
1854 3380 2126 3461 sagittam
2171 3379 2386 3455 mittat,
2449 3374 2635 3438 oculis
2682 3392 2831 3436 con-

546 3481 762 3558 stituit,
808 3489 925 3544 tum
970 3501 1121 3547 vero
1167 3492 1394 3548 certum
1442 3485 1614 3547 finem
1662 3484 1776 3547 sibi
1820 3483 2120 3565 proponit.
2166 3483 2380 3545 Artem
2420 3482 2571 3543 vitae
2607 3497 2835 3562 regen-

549 3582 661 3646 dae
708 3603 779 3647 ac
824 3585 1260 3668 moderandae,
1332 3607 1505 3668 quam
1567 3596 1744 3669 poeta
1804 3588 1900 3650 hic
1957 3588 2207 3670 imagine
2267 3585 2588 3668 sagittarii,
2647 3604 2704 3646 v.
2750 3580 2835 3646 68

545 3687 798 3771 imagine
843 3691 1090 3774 aurigae
1136 3690 1491 3774 descripsit,
1537 3693 1637 3755 ubi
1685 3692 1881 3756 Herm.
1928 3710 2146 3772 quam
2194 3707 2306 3770 pro
2353 3707 2539 3770 qua,
2594 3696 2657 3751 ut
2701 3705 2833 3750 cum

549 3790 801 3856 Casaub.
847 3794 1049 3857 Heinr.
1095 3803 1156 3857 et
1197 3796 1367 3859 Jahn.
1400 3798 1629 3881 legunt,
1675 3798 1948 3860 scribens
1995 3796 2264 3879 imaginis
2311 3795 2427 3855 vim
2475 3794 2834 3874 aliquantum

546 3895 863 3979 infregisse
923 3897 1175 3962 videtur.
1245 3900 1516 3963 Pluribus
1578 3900 1886 3983 disputare
1941 3919 2096 3983 opus
2142 3918 2263 3963 non
2309 3906 2438 3975 est,
2498 3915 2674 3978 quum
2734 3912 2836 3959 res

546 4007 759 4082 pateat.
816 4001 1007 4065 Recte
1044 4004 1164 4085 jam
1210 4004 1339 4085 ipse
1387 4005 1622 4084 Herm.,
1680 4004 2025 4068 Turnebum
2072 4003 2237 4076 (adv.
2282 4001 2500 4080 XXlll,
2565 3999 2681 4074 23)
2727 4017 2839 4064 sc-

542 4113 712 4168 cutus
773 4105 837 4169 L.
886 4106 944 4171 P.
992 4106 1070 4186 ll,
1115 4127 1172 4189 p.
1231 4106 1313 4171 3⁷
1374 4108 1566 4171 locum
1628 4110 2048 4191 interpretatus
2109 4113 2271 4172 erat:
2332 4124 2499 4187 „quo
2560 4123 2640 4168 ex
2698 4103 2836 4166 loco

542 4209 768 4285 (unde)
824 4210 1097 4275 flectendi
1154 4214 1378 4277 initium
1424 4213 1760 4277 faciendum
1806 4215 1916 4290 sit,
1978 4222 2041 4278 ut
2074 4214 2239 4297 justa
2296 4211 2496 4275 flexus
2558 4209 2837 4272 mollities
