3246 4959
1458 295 1556 368 47

374 505 486 572 ges
531 487 716 550 verba
761 505 937 566 „cum
980 484 1193 568 pipere
1248 492 1312 549 et
1357 483 1562 566 palmis
1606 479 1917 547 venit?“
1976 482 2134 545 Idem
2178 481 2496 546 Meisterus
2539 498 2656 542 ve-

374 610 504 656 rum
564 591 744 668 vidit,
808 609 931 652 non
983 588 1300 666 intellexit,
1355 606 1534 669 quum
1595 583 1995 667 „remissive“
2062 588 2139 650 ita
2195 587 2655 673 interpretetus-2

375 697 735 776 „Postquam
796 695 1083 757 Graecam
1145 693 1486 773 sapientiam
1546 692 1918 772 recepimuS,
1980 708 2155 754 omne
2213 697 2477 753 nostrum
2526 694 2658 758 (sa-

377 805 551 882 pere)
597 807 983 862 contemnere
1029 794 1392 874 coepimus.“
1437 795 1621 858 Unice
1665 812 1816 858 vera
1862 794 2120 857 Turnebi
2166 791 2565 872 (adv.XXlX,
2591 795 2658 863 7)

377 905 787 986 interpretatio
847 909 973 979 est,
1032 919 1205 981 quam
1261 900 1533 962 Jabnium
1590 900 1686 972 (in
1734 898 1828 961 ed.
1887 899 2060 972 min.)
2123 906 2184 962 et
2242 899 2658 974 Hermannum,

381 1025 562 1089 quum
606 1014 745 1070 ante
790 1026 847 1069 v.
893 1013 1251 1068 nostrum
1295 1005 1788 1086 interpunxerint,
1833 1005 2125 1086 probasse
2171 1004 2397 1066 laetor-2
2444 1002 2659 1082 „Post-

380 1129 556 1193 quam
601 1112 986 1175 transmarina
1047 1110 1355 1191 coepimus
1403 1109 1486 1171 uti
1536 1109 1821 1190 sapientia
1870 1117 1929 1172 et
1974 1107 2464 1189 philosophorum
2526 1104 2657 1167 dis-

380 1215 625 1298 ciplina,
681 1223 883 1279 nostra
945 1215 1092 1278 haec
1150 1213 1471 1277 vernacula
1518 1222 1578 1276 et
1634 1213 1939 1276 cismarina
1995 1210 2206 1276 haberi
2250 1211 2478 1292 coepit,
2517 1227 2658 1285 nec

379 1320 448 1381 in
511 1321 800 1401 pretio,
864 1318 1063 1399 quod
1129 1318 1660 1380 transmarina
1724 1334 1874 1378 non
1937 1324 2180 1379 esset.
2239 1315 2437 1396 ltaque
2484 1315 2658 1377 etiam

381 1421 726 1495 foenisecae
782 1422 1239 1507 degeneravere
1305 1429 1365 1484 et
1420 1423 1687 1501 corrupti
1742 1429 1876 1484 sunt
1930 1429 1988 1483 et
2034 1421 2229 1501 pultes
2288 1439 2428 1483 suas
2471 1419 2662 1503 magis

383 1544 554 1606 quam
600 1526 736 1588 olim
782 1545 1054 1610 unguere
1100 1524 1489 1607 coeperunt.“
1549 1526 1711 1587 Hanc
1756 1525 2299 1605 interpretationem
2359 1533 2472 1587 tam
2510 1525 2663 1588 sim-

382 1630 591 1711 plicem
636 1631 953 1695 Meisterus
999 1649 1116 1693 non
1164 1631 1472 1711 probavit,
1520 1649 1733 1710 quum,
1780 1648 1885 1692 cur
1929 1631 2156 1693 Graeca
2204 1630 2489 1712 sapientia
2534 1629 2662 1691 cis-

385 1734 603 1796 marina
638 1736 984 1816 appelletur,
1020 1754 1090 1798 se
1138 1754 1254 1797 non
1298 1735 1633 1819 intelligere
1681 1735 1856 1798 dicat.
1904 1735 1982 1797 At
2010 1753 2159 1797 vero
2193 1743 2399 1816 aperte
2433 1734 2663 1797 Graeca

385 1837 880 1922 philosophia
912 1840 1206 1902 ‘Romano
1251 1842 1533 1916 („nostro
1579 1836 1789 1912 huic“)
1849 1857 2139 1920 sapere
2186 1840 2540 1920 opponitur,
2599 1845 2663 1900 ut

386 1942 750 2005 condimenta
812 1943 1115 2024 epularum
1175 1944 1553 2024 opipararum
1609 1942 1754 2023 pulti
1800 1942 2102 2004 Romanae
2163 1951 2223 2005 et
2267 1943 2445 2020 cibis,
2508 1960 2662 2023 quae

388 2065 646 2109 mensam
691 2048 947 2110 sobriam
995 2048 1227 2110 decent.
1273 2047 1402 2110 Jam
1449 2066 1620 2127 quam
1670 2047 1887 2110 acerbe
1931 2046 2071 2109 illud
2117 2048 2337 2124 „maris
2376 2043 2663 2129 experS‚“

387 2167 565 2231 quum
625 2153 810 2214 virtus
856 2153 1114 2214 Romana
1175 2160 1349 2215 antea
1412 2160 1573 2214 trans
1640 2170 1802 2213 mare
1848 2151 2101 2214 valuerit
2160 2152 2485 2232 orbemque
2528 2160 2668 2213 ter--

386 2272 585 2317 rarum
645 2256 972 2339 subegerit.
1039 2256 1225 2318 Unum
1286 2256 1475 2332 addo,
1533 2256 1716 2318 verba
1776 2263 2085 2333 „nostrum
2141 2255 2258 2318 hoc
2312 2255 2490 2316 maris
2545 2273 2661 2316 ex-

388 2356 604 2439 pers“,
651 2359 810 2440 quod
841 2358 1008 2423 Jahn.
1057 2367 1118 2422 et
1148 2360 1347 2422 Herm.
1393 2360 1687 2436 fecerunt,
1733 2367 1866 2439 apte
1912 2358 1983 2421 ad
2032 2360 2291 2441 priorem
2336 2358 2665 2421 sententiae

387 2470 617 2544 partem
661 2463 912 2543 referri,
976 2482 1152 2545 quum
1200 2462 1317 2526 hoc
1360 2464 1611 2526 maxime
1656 2464 1872 2541 Bestii,
1934 2464 2033 2544 qui
2081 2463 2409 2542 „Graecam
2452 2462 2668 2525 urbem

389 2566 550 2630 ferre
612 2587 727 2631 non
774 2565 1043 2650 poterat“
1089 2568 1259 2640 (JuV.
1306 2567 1407 2647 lll,
1450 2568 1589 2646 60),
1654 2570 1792 2630 iram
1854 2570 2140 2645 suscitet,
2205 2567 2366 2649 quod
2428 2586 2507 2631 eo
2542 2568 2660 2650 jam

389 2690 488 2734 res
532 2675 792 2750 venerit,
853 2681 917 2736 ut
961 2671 1300 2736 foenisecae
1362 2674 1556 2755 pultes
1611 2691 1858 2750 „crasso
1899 2674 2159 2756 unguine
2216 2671 2467 2736 vitiare“
2511 2691 2660 2736 coe-

388 2774 607 2855 perint.
654 2774 887 2839 Certam
930 2776 1175 2857 aliquam
1221 2796 1377 2856 rem,
1438 2796 1592 2858 quae
1638 2795 1865 2839 morum
1911 2777 2137 2839 ruinam
2184 2778 2492 2855 ostendat,
2552 2795 2672 2840 re-

389 2878 539 2958 spici
596 2881 768 2943 etiam
830 2881 929 2943 illo
988 2882 1106 2960 „ita
1161 2877 1264 2943 fit“
1321 2885 1611 2951 (nostrum
1672 2897 1785 2957 „so
1845 2878 2108 2964 gebt's“)
2168 2880 2520 2946 declaratur.
2580 2880 2663 2944 Ita

391 2988 454 3042 et
495 2985 784 3046 sententia
832 2992 891 3045 et
937 2984 1217 3064 periodus
1264 2985 1484 3065 optime
1528 2984 1921 3046 concluditur.

565 3085 632 3147 V.
682 3086 784 3163 51,
826 3085 929 3150 52.
977 3088 1052 3149 Ut
1096 3089 1279 3150 verba
1320 3106 1480 3165 „non
1526 3088 1704 3166 adeo,
1748 3086 1984 3167 inquis“
2040 3096 2206 3152 recte
2251 3089 2666 3172 intelligantur,

390 3196 559 3251 antea
621 3190 805 3253 verba
869 3190 1240 3268 „Exossatus
1284 3209 1433 3273 ager
1481 3190 1650 3271 juxta
1696 3190 1827 3252 est“
1874 3191 2228 3255 excutienda
2275 3201 2426 3256 sunt.
2473 3194 2665 3256 Pleri-

392 3312 507 3374 que
550 3312 756 3376 agrum
804 3294 1188 3371 exhaustum,
1231 3294 1400 3375 cujus
1445 3295 1606 3358 vires
1653 3295 1996 3376 absumptae
2042 3297 2177 3374 sint,
2223 3305 2666 3360 exossatum

392 3398 680 3480 appellari
727 3406 962 3479 putant,
1023 3397 1184 3478 quod
1247 3406 1308 3460 et
1348 3398 1679 3461 sententiae
1726 3416 1930 3478 parum
1977 3402 2257 3463 convenit
2312 3410 2371 3464 et
2415 3401 2496 3463 de·
2533 3403 2666 3464 ani-

392 3501 639 3566 malibus
701 3502 939 3584 quidem
998 3503 1187 3579 bene,
1245 3502 1319 3564 de
1379 3520 1530 3586 agro
1594 3502 1831 3564 omnino
1898 3502 2013 3564 dici
2058 3521 2178 3565 non
2223 3512 2437 3586 potest.
2508 3507 2668 3569 Her-

389 3608 584 3670 manni
629 3608 920 3672 sententia
965 3626 1042 3671 ex
1083 3606 1326 3669 scholiis
1371 3608 1553 3688 petita
1602 3607 1695 3679 (L.
1731 3607 1788 3670 P.
1835 3605 1905 3684 ll,
1946 3626 2004 3688 p.
2041 3606 2191 3682 63)2
2239 3628 2426 3687 „non
2475 3609 2665 3673 adeo

389 3709 681 3791 lapidibus
742 3730 993 3776 vacuum
1049 3729 1190 3774 esse
1249 3711 1503 3774 vicinum
1563 3729 1805 3793 agrum,
1861 3719 1925 3774 ut
1971 3730 2120 3793 quae
2173 3714 2385 3775 sentiat
2429 3715 2668 3796 impune

393 3813 591 3896 eloqui
638 3815 888 3892 audeat3
951 3814 1090 3877 dicit
1136 3833 1272 3877 eum
1320 3822 1620 3893 metuere,
1680 3833 1757 3878 ne
1802 3835 1835 3877 a
1879 3816 2136 3897 populu,
2192 3818 2243 3879 si
2298 3818 2666 3902 largitionem

394 3917 740 4000 prohibeat,
802 3919 1092 4001 lapidibus
1150 3937 1229 3982 ex
1270 3920 1464 3982 vicino
1526 3937 1676 4001 agro
1722 3918 2052 3983 obruatur“
2098 3921 2222 4003 Jam
2269 3941 2343 3985 eo
2390 3924 2668 3988 contuta-

393 4028 522 4101 tur,
584 4023 744 4104 quod
800 4025 1095 4108 prodigus
1146 4023 1247 4089 ille
1305 4023 1483 4087 ludos
1541 4044 1611 4087 ac
1658 4024 2111 4088 viscerationem
2168 4028 2387 4109 populo
2434 4046 2667 4108 nequa-

394 4145 566 4207 quam
613 4129 912 4209 promisit,
969 4128 1078 4192 sed
1124 4137 1238 4191 tam
1298 4129 1604 4192 immanem
1646 4147 1953 4193 munerum
2001 4131 2484 4213 magnificentiam
2531 4141 2668 4195 tan-

393 4232 695 4298 tummodo
734 4232 933 4315 linxit,
996 4240 1060 4296 ut
1102 4232 1314 4297 heredi
1357 4231 1657 4308 illuderet.
1703 4235 1892 4298 Recte
1940 4232 2077 4300 Csb.
2122 4235 2317 4299 locum
2364 4236 2682 4322 interme·-
