3246 4959
1483 251 1678 355 1‘1'

398 477 679 562 infringat
738 482 798 538 et
852 493 887 538 a
948 472 1041 536 via
1084 471 1370 536 aberrans
1416 471 1789 554 propositum
1849 486 1971 533 non
2015 476 2390 552 assequatur.
2443 468 2675 533 Parvu-

398 583 491 646 lae
534 581 669 645 illae
714 579 869 642 vitae
915 575 1288 659 quotidianae
1325 575 1639 660 iniag'ineS‚
1690 593 1840 656 quas
1872 574 2114 640 Persius
2148 574 2461 656 expressit,
2488 591 2681 655 paene

402 688 514 752 sub
561 684 768 749 oculos
813 682 1122 764 subjectae
1167 681 1426 744 nativum
1472 699 1543 744 ac
1567 699 1776 744 verum
1820 680 1974 743 vitae
2002 679 2189 762 ipsius
2234 676 2500 763 colorem
2531 675 2680 740 adeo

403 796 740 869 servarunt,
785 795 847 850 ut
891 805 1124 849 omnem
1179 784 1332 849 illius
1380 785 1547 866 quasi
1592 803 1837 850 succum
1883 791 1945 847 et
1987 784 2336 868 sanguinem
2382 783 2683 846 imbibisse

408 892 751 970 videantur3
800 890 917 955 ficti
964 890 1062 954 vel
1108 889 1290 953 fucati
1329 891 1389 952 in
1427 890 1498 954 iis
1533 889 1677 953 nihil
1710 889 1994 953 invenias.
2040 887 2376 970 Ampliores
2408 894 2467 950 et
2496 905 2688 970 gran-

409 999 613 1063 diores
659 1004 821 1074 sunt,
866 1013 1012 1077 quas
1056 994 1362 1058 Juvenalis
1406 995 1661 1074 effinxit,
1707 993 1957 1057 eaedem
2004 995 2064 1055 in
2111 993 2367 1056 veritate
2411 990 2542 1055 fere
2587 991 2685 1053 ni-

411 1105 583 1182 miae,
627 1103 884 1186 pingues
932 1118 1001 1162 ac
1054 1098 1335 1162 horridae
1396 1117 1596 1181 eoque
1656 1118 1688 1161 a
1736 1099 2029 1163 Persianis
2093 1098 2345 1159 maxime
2390 1097 2690 1175 diversae,

414 1206 571 1290 quod
619 1214 927 1269 externam
972 1203 1163 1267 solum
1209 1203 1509 1265 hominum
1555 1203 1798 1266 formam
1847 1210 1905 1266 et
1950 1202 2200 1265 habitum
2246 1201 2566 1264 ostendunt
2596 1201 2695 1276 ⁴⁵).

414 1310 641 1378 Satirae
704 1309 923 1386 Persii,
983 1308 1084 1389 qui
1146 1308 1245 1370 „in
1300 1325 1440 1371 sese
1488 1306 1901 1370 descendens«
1966 1313 2219 1368 mentem
2265 1313 2694 1387 perscrutatur,

417 1434 498 1478 ex·
554 1414 817 1498 diligenti
893 1419 1138 1475 naturae
1210 1411 1497 1475 humanae
1557 1411 1758 1475 studio
1825 1409 2133 1493 profectae
2190 1416 2344 1473 sunt.
2433 1409 2695 1488 Persius,

419 1519 826 1583 sanctissimus
902 1519 1058 1578 inter
1130 1516 1404 1578 satiricos
1477 1515 1812 1594 Romanos,
1884 1522 2001 1579 tam
2067 1514 2371 1576 sublimem
2444 1513 2695 1596 gradum

422 1629 708 1702 occupat,
766 1629 879 1683 tam
934 1617 1227 1701 grandem
1289 1637 1484 1682 rerum
1529 1619 1906 1683 humanarum
1953 1636 2097 1700 prae
2142 1637 2210 1682 se
2265 1618 2381 1682 fert
2424 1626 2701 1681 contem*

423 1726 784 1808 piationem,
848 1732 910 1787 ut
955 1723 1031 1786 ad
1077 1723 1310 1806 singula
1357 1743 1392 1786 e
1439 1723 1556 1785 vita
1585 1723 1881 1787 communi
1926 1724 2107 1804 petita
2150 1740 2293 1785 raro
2341 1722 2706 1799 descendat;

426 1831 543 1909 ilie,
586 1847 710 1892 non
755 1837 1074 1893 contentus
1119 1829 1268 1891 male
1314 1827 1467 1891 facta
1512 1846 1783 1910 carpere,
1828 1828 2103 1890 vitiorum
2148 1835 2416 1891 naturam
2463 1847 2497 1890 a
2543 1826 2706 1890 fonte

429 1936 648 2017 repetit
692 1942 751 1997 et
795 1933 1092 2015 quomodo
1137 1932 1416 2017 neglecto
1463 1933 1695 1995 virtutis
1743 1939 1803 1994 et
1845 1932 2173 2012 sapientiae
2220 1932 2414 1996 studio
2449 1933 2506 1995 in
2539 1934 2710 1995 vitam

431 2037 689 2102 omnium
749 2038 1069 2119 irrumpant
1129 2036 1403 2100 ostendit.
1484 2036 1661 2099 Poeta
1716 2036 1991 2099 satiricus
2052 2053 2231 2116 quum
2288 2036 2400 2100 illis
2462 2038 2710 2100 maxime

433 2145 586 2207 vitiis
619 2142 919 2205 abstinere
951 2140 1182 2216 debeat,
1227 2159 1384 2220 quae
1428 2141 1486 2201 in
1518 2139 1644 2203 aliis
1678 2140 2151 2222 reprehenderit,
2198 2141 2459 2219 Persius,
2488 2159 2712 2203 morum

433 2245 854 2311 sanctimoniae
899 2244 1030 2308 fere
1076 2245 1446 2323 christianae,
1491 2245 1730 2308 Horatio
1767 2245 1876 2325 ipsi
1924 2245 2215 2308 interdum
2247 2245 2368 2308 levi
2410 2265 2482 2309 ac
2513 2264 2716 2327 parum

436 2349 781 2414 verecundo
827 2350 1001 2412 animi
1061 2348 1390 2430 splendore
1435 2349 1615 2434 longe
1663 2350 1993 2427 antecellit,
2045 2350 2097 2411 si
2141 2349 2345 2412 Montii
2391 2349 2592 2412 verbis
2638 2349 2722 2413 uti

435 2455 592 2534 licet,
655 2452 734 2535 „1⁹
782 2471 900 2517 uno
943 2454 979 2517 e
1023 2453 1061 2516 it
1108 2452 1463 2516 catechismo
1521 2452 1673 2516 delia
1731 2453 1937 2541 virtu,
1981 2453 2019 2515 1’
2065 2453 2217 2517 altro
2263 2455 2298 2516 e
2342 2453 2381 2515 il
2426 2453 2722 2517 breviario

442 2560 535 2622 de’
581 2556 976 2642 cortegiani.“
1041 2559 1266 2622 Satirae
1327 2559 1455 2639 ejus
1514 2569 1639 2622 non
1696 2560 1752 2621 in
1814 2556 2100 2638 quosdam
2168 2557 2467 2635 homines,
2535 2557 2722 2623 duces

441 2664 576 2727 illos
621 2681 691 2726 ac
758 2664 928 2743 quasi
990 2662 1314 2746 signiferos
1375 2661 1776 2744 reliquorum,
1845 2661 1956 2725 sed
2012 2663 2069 2724 in
2129 2680 2258 2725 rem
2319 2663 2544 2742 ipsam,
2603 2681 2758 2752 non·

442 2768 751 2845 RomaniS,
812 2765 923 2830 sed
967 2766 1237 2829 omnibus
1283 2766 1614 2830 bominibus
1660 2767 1918 2848 scriptae
1963 2774 2118 2829 sunt.
2182 2766 2383 2840 Quare
2439 2768 2621 2849 major
2666 2768 2725 2831 in

448 2873 557 2935 iliis
614 2872 1075 2950 sententiarum,
1137 2871 1351 2952 quibus
1409 2872 1776 2952 potissimum
1832 2871 2011 2933 satira
2066 2870 2137 2932 ab
2194 2871 2402 2933 iambis
2449 2872 2727 2934 secerni-

448 2984 575 3055 tur,
619 2993 792 3055 quam
839 2974 994 3056 apud
1038 2983 1276 3039 ceteros
1319 2977 1594 3039 satiricos
1641 2975 1811 3055 copia
1856 2983 1978 3053 est,
2023 2992 2155 3053 nec,
2200 2974 2339 3055 quin
2385 2993 2462 3038 eo
2508 2976 2724 3039 satirae

449 3079 662 3154 viset
717 3076 906 3140 robur
957 3077 1248 3140 interdum
1304 3079 1694 3159 immiuuatur‚
1751 3079 1961 3162 negari
2004 3087 2221 3162 potest.
2287 3079 2549 3159 Persius,
2605 3098 2726 3160 quo

444 3189 582 3245 ⁴erat
636 3181 878 3263 ingenio
937 3180 1059 3243 leni
1114 3188 1171 3242 et
1215 3190 1559 3261 mansuetu,
1612 3184 1750 3245 vitia
1812 3183 2112 3246 bominum
2175 3184 2376 3247 verbis
2422 3184 2729 3265 increpare

455 3303 574 3348 non
621 3285 751 3348 sine
798 3301 1013 3367 magno
1059 3284 1232 3346 animi
1277 3283 1487 3348 dolore
1533 3287 1849 3350 constituit.
1914 3287 2217 3351 Praesenti
2265 3289 2532 3352 vitiorum
2579 3296 2732 3351 statu

457 3389 597 3452 dum
644 3390 739 3452 alii
786 3388 1150 3471 periculum,
1206 3388 1363 3471 quod
1420 3391 1690 3454 omnibus
1737 3391 2091 3471 intenditur,
2148 3391 2242 3454 vel
2286 3411 2404 3455 non
2458 3394 2734 3471 sentiunt,

458 3492 560 3558 vel
623 3494 790 3575 parvi
844 3493 1145 3576 pendunt,
1206 3492 1303 3557 vel
1361 3493 1622 3558 dicteriis
1683 3496 1744 3558 in
1802 3495 2069 3579 singulos
2120 3496 2393 3559 homines
2453 3495 2733 3560 faciendis

595 3714 654 3781 ³⁵)
691 3715 885 3767 Eadem
922 3715 1030 3767 fere
1051 3716 1833 3789 Francogallorumpcomoediae
1870 3726 2045 3769 natura
2071 3729 2164 3783 est,
2201 3719 2265 3771 de
2299 3735 2395 3788 qua
2428 3716 2475 3769 J.
2500 3718 2552 3771 P.
2578 3718 2735 3769 Rich-

463 3812 615 3867 terus,
652 3802 814 3855 subtili
851 3804 982 3854 vitae
1018 3802 1372 3870 descriptione,
1413 3801 1587 3869 judicii
1625 3804 1863 3855 acumine
1885 3841 1901 3869 ‚
1939 3804 2276 3869 humanitate,
2313 3805 2537 3856 ubertate
2589 3806 2736 3856 etiam

465 3891 729 3959 figurarum
778 3896 829 3941 et
877 3889 1072 3941 insolita
1126 3889 1368 3940 interdum
1422 3896 1667 3941 sermonis
1712 3893 1904 3942 ratione
1940 3890 2113 3945 Persio
2169 3893 2458 3956 simillimus,
2493 3900 2549 3943 ut
2585 3892 2739 3944 nostri

465 3963 636 4027 dieunt
671 3975 991 4045 congenialis‚
1027 3975 1283 4041 praeclare
1310 3974 1582 4041 judicavit:
1646 3976 1779 4039 „Die
1816 3976 2152 4030 franzosische
2188 3978 2362 4030 Komik
2409 3979 2563 4030 basirt
2601 3978 2738 4029 eben

468 4061 744 4127 uberhaupt
779 4062 869 4113 nus
900 4062 1015 4113 dem
1040 4060 1227 4130 Begriff
1256 4062 1344 4113 des
1380 4063 1536 4113 witz
1553 4078 1636 4124 es,
1677 4063 1770 4114 der
1804 4064 2073 4118 formetien
2110 4065 2292 4129 Ironie,
2328 4066 2419 4117 der
2453 4065 2613 4116 Satire
2651 4064 2741 4114 der

470 4151 706 4199 iusseren
741 4148 864 4200 Tbat
898 4146 1002 4199 und
1036 4147 1400 4216 Erscheinung,
1462 4148 1546 4198 die
1596 4147 1838 4201 deutsche
1885 4153 1974 4203 auf
2018 4152 2131 4204 dem
2181 4153 2269 4204 des
2317 4154 2614 4216 Rumon,
2651 4149 2744 4201 der

470 4233 636 4286 Satire
671 4234 764 4288 des
797 4235 1009 4292 iuueren
1043 4236 1254 4289 Weseus
1289 4233 1383 4287 des
1418 4233 1746 4292 Memchen.“
