3246 4959
1711 319 1759 396 2
1847 360 1848 363 ,

479 484 1514 590 ³⁰·pflces·‘et·e'meiidatc’s’,'·cujus
1560 508 1864 573 desiderio
1908 507 2168 591 flagrant
2210 526 2442 590 omnes,
2498 509 2660 573 illum
2703 516 2882 592 poeta

595 611 783 676 libera
827 631 980 676 voce
1026 612 1340 696 efflagitat,
1380 615 1482 694 qui
1526 621 1773 677 naturae
1819 621 1882 677 et
1924 614 2077 676 vitae
2121 615 2577 698 repugnantiam
2614 613 2882 678 moribus

594 717 931 798 aequalium
992 725 1201 801 arguta
1274 718 1533 801 imagine
1587 716 1987 800 exprimendis
2040 718 2337 800 castigans
2394 719 2458 782 id
2514 719 2878 801 potissimum

594 822 753 905 agit,
797 829 863 884 ut
907 820 982 884 ad
1026 821 1237 884 bonam
1283 828 1540 884 mentem
1588 841 1661 885 ac
1709 822 2010 884 sanitatam
2055 820 2324 887 homines
2369 830 2638 887 revocet.

768 925 1046 1005 Satiram,
1095 933 1292 1006 ‘quum
1352 925 1592 1006 qualem
1662 924 1951 1008 descripsi
2014 932 2265 989 aetatem
2327 928 2624 1009 requirat,
2687 933 2882 990 aetate

596 1029 937 1104 Neroniana
970 1048 1089 1093 non
1135 1030 1312 1093 talem
1357 1030 1743 1112 provenisse,
1788 1030 2019 1111 qualem
2058 1030 2232 1094 facile
2266 1033 2521 1114 quisque
2554 1038 2881 1112 exspecta-

596 1134 783 1212 verit,
847 1152 964 1198 non
1008 1135 1089 1197 ita
1133 1135 1341 1197 mirum
1388 1133 1708 1197 videbitur.
1776 1134 2022 1198 Materia
2088 1134 2326 1216 quidem
2372 1136 2591 1199 satirae
2635 1142 2880 1217 prosta-

594 1237 697 1300 bat
755 1245 816 1301 et
873 1239 1170 1301 uberrima
1230 1245 1292 1302 et
1352 1239 1697 1320 justissima.
1782 1238 2085 1318 Virtutes,
2160 1239 2375 1320 quibus
2433 1239 2572 1303 olim
2636 1238 2881 1304 Romani

594 1341 839 1425 gloriari
884 1349 1230 1423 potuerant,
1288 1341 1417 1405 fere
1462 1344 1703 1427 ignotae
1749 1349 1941 1419 erant3
2015 1343 2184 1422 vitia,
2245 1360 2399 1423 quae
2436 1343 2555 1426 jam
2602 1351 2775 1407 antea
2820 1344 2880 1405 in

589 1462 717 1509 rem
762 1445 1052 1526 publicam
1099 1446 1471 1527 irrepserant
1515 1453 1577 1509 et
1620 1444 1855 1509 occulta
1903 1447 2259 1529 contagione
2306 1446 2518 1511 diffusa
2556 1447 2677 1530 jam
2712 1446 2878 1536 latis-

596 1551 744 1614 sime
788 1548 1130 1632 serpebant,
1188 1548 1363 1612 talem
1408 1551 1466 1613 in
1523 1550 1759 1614 modum
1816 1558 2238 1630 excreverant,
2293 1559 2356 1614 ut
2411 1552 2666 1634 optimus
2710 1551 2877 1632 quis-

599 1673 720 1737 que
765 1660 981 1719 statum
1025 1672 1224 1719 rerum
1271 1654 1623 1719 immutatum
1671 1673 1893 1718 summa
1931 1673 2063 1718 cum
2095 1654 2494 1738 indignatione
2528 1657 2879 1741 intueretur.

600 1757 704 1822 Illa
749 1766 979 1835 aetate,
1036 1775 1149 1839 qua
1196 1757 1292 1821 vel
1344 1759 1668 1823 mediocria
1712 1759 1947 1842 ingenia
1995 1758 2070 1821 ad
2115 1759 2323 1823 satiras
2368 1755 2719 1824 scribendas
2764 1759 2877 1822 im-

596 1863 738 1947 pelli
782 1870 1079 1945 poterant,
1125 1880 1282 1926 unus
1328 1864 1426 1944 qui
1471 1863 1687 1927 satiras
1733 1863 1973 1945 scripsit
2014 1862 2252 1925 Persius
2299 1863 2540 1926 exstitit.
2586 1863 2664 1926 At
2711 1863 2881 1944 quis—

601 1969 734 2050 quis
772 1967 1016 2030 ‘satiras
1076 1967 1229 2031 illius
1298 1967 1396 2030 vel
1456 1966 1676 2031 leviter
1738 1968 2065 2048 percurrit,
2133 1968 2327 2031 statim
2395 1984 2475 2030 eo
2541 1965 2879 2045 offenditur,

599 2070 758 2154 quod
803 2071 1109 2134 materiam
1156 2070 1494 2135 ditissimam
1540 2080 1601 2135 et
1648 2071 2065 2153 amplissimam
2112 2072 2213 2134 vix
2257 2071 2484 2156 attigit,
2528 2088 2628 2135 res
2674 2079 2877 2152 turpes

593 2184 654 2241 et
698 2176 1016 2252 exitiosas,
1065 2192 1220 2255 quae
1263 2176 1432 2258 gravi
1475 2176 1956 2259 reprehensione
2002 2173 2380 2259 dignissimae
2425 2181 2625 2254 erant,
2679 2174 2879 2238 deno-

590 2279 807 2345 tandas
851 2278 1168 2343 declinavit
1181 2298 1200 2357 3
1256 2266 1605 2362 quibusdam
1652 2287 1813 2344 totus
1857 2278 1992 2342 fere
2038 2278 2099 2341 in
2144 2279 2456 2342 sententiis
2499 2277 2879 2362 generalibus

590 2384 826 2448 versari
869 2383 1122 2448 videtur.
1183 2383 1353 2448 Nulla
1415 2402 1673 2466 unquam
1718 2383 1780 2446 fit
1848 2384 2068 2447 mentio
2125 2383 2399 2445 vitiorum
2445 2388 2587 2446 tunc
2628 2383 2879 2445 maxime

591 2489 950 2573 vigentium,
1002 2507 1124 2551 non
1184 2488 1512 2553 delatorum
1574 2497 1634 2552 et
1692 2488 2127 2554 causidicorum
2173 2494 2330 2552 artes
2375 2486 2703 2567 nefandae,
2761 2505 2877 2550 uon

590 2593 880 2657 connubia
934 2601 1144 2677 stupro
1200 2594 1456 2675 polluta,
1520 2612 1641 2657 non
1696 2593 1953 2674 turpiter
2011 2592 2236 2675 abjecta
2293 2592 2552 2673 equitum
2595 2592 2654 2655 in
2700 2609 2878 2655 arena

589 2697 879 2778 dignitas,
937 2716 1058 2761 non
1118 2698 1530 2761 libertinorum
1590 2696 1901 2760 immodica
1947 2697 2142 2760 omnia
2202 2694 2584 2778 perpetrandi
2628 2696 2878 2761 audacia

589 2802 1093 2885 perstringuntur.
1166 2799 1417 2864 Difficile
1461 2809 1591 2865 erat
1641 2802 1912 2865 »satiram
1960 2818 2080 2863 non
2119 2800 2447 2875 scribere‚ss
2496 2817 2673 2880 quum
2719 2819 2879 2883 quc-

589 2922 825 2987 cunque
881 2905 1013 2986 quis
1072 2903 1282 2972 oculos
1327 2905 1748 2984 convertebat,
1813 2905 2144 2970 sceleribus
2189 2904 2471 2987 vitiisque
2518 2905 2696 2969 vitam
2757 2923 2877 2988 pu-

589 3009 804 3074 blicam
872 3016 934 3073 et
999 3010 1289 3091 privatam
1352 3004 1799 3073 contaminatam
1868 3009 2118 3073 videret.
2208 3009 2481 3090 PersiuS,
2548 3012 2647 3093 qui
2719 3010 2877 3074 vitiis

588 3115 794 3178 aetatis
854 3131 1004 3177 suae
1065 3116 1300 3196 penitus
1357 3113 1799 3192 indolescebat,
1858 3115 2051 3178 satiris
2113 3112 2445 3178 scribendis
2505 3115 2566 3178 id
2622 3114 2876 3178 maxime

595 3218 966 3301 propositum
1011 3217 1232 3297 babuit,
1276 3226 1339 3282 ut
1382 3217 1652 3283 homines
1697 3219 1972 3282 vitiorum
2019 3225 2078 3281 et
2123 3237 2396 3284 errorum
2429 3218 2682 3283 vinculis
2721 3234 2875 3281 con-

568 3322 831 3386 strictos
888 3321 960 3384 ad
1006 3318 1213 3385 veram
1259 3324 1629 3406 solidamque
1683 3325 1957 3388 virtutem
2013 3333 2351 3390 revocaret.
2418 3326 2498 3389 At
2542 3325 2760 3406 optime
2805 3340 2875 3385 sc

595 3425 653 3488 id
697 3444 819 3489 non
873 3433 1286 3490 assecuturum
1347 3447 1490 3492 esse
1536 3428 1852 3505 intellexit,
1911 3428 1964 3491 si
2022 3428 2392 3511 singulorum
2438 3427 2734 3491 hominum
2778 3427 2888 3503 vi->

589 3537 705 3593 tam
773 3529 1084 3593 infamaret
1150 3531 1440 3613 ipsosque
1507 3532 1779 3613 publicae
1846 3532 2205 3616 ignominiae
2264 3532 2587 3613 objiceret3
2657 3537 2873 3612 quotus

590 3634 748 3698 enim
810 3634 1069 3714 quisque
1125 3654 1157 3697 a
1206 3636 1542 3718 turpissima
1599 3635 1700 3698 illa
1762 3636 2038 3698 vitiorum
2095 3636 2455 3719 contagione
2501 3635 2651 3698 liber
2695 3632 2873 3699 erat‘.²
2959 3651 2964 3656 ·

589 3737 785 3813 Quum
830 3738 1010 3801 satira
1072 3757 1144 3801 ea
1190 3739 1557 3821 potissimum
1603 3740 1744 3802 vitia
1790 3738 2092 3821 carpenda
2136 3746 2360 3819 sumat,
2421 3757 2580 3820 quae
2639 3738 2875 3820 publice

589 3851 726 3906 sunt
771 3842 1027 3907 exitiosa
1074 3850 1136 3906 et
1180 3861 1301 3906 uno
1347 3842 1654 3923 descripto
1699 3860 1897 3926 genus
1943 3841 2187 3924 aliquod
2223 3843 2524 3906 hominum
2566 3841 2868 3906 describa-

584 3953 718 4024 tur,
776 3946 1011 4009 Persius
1072 3947 1292 4028 optimo
1343 3947 1487 4029 jure
1545 3955 1887 4028 corruptum
1934 3947 2256 4011 litterarum
2299 3954 2558 4027 statum,
2605 3946 2870 4009 Deorum

587 4056 984 4131 contemptum
1029 4058 1090 4113 et
1133 4050 1345 4114 anilem
1390 4050 1562 4114 simul
1608 4050 2125 4132 superstitionem,
2173 4049 2492 4126 desidiam,
2552 4049 2872 4130 mollitiem,

585 4152 914 4232 luxuriam,
974 4154 1307 4234 avaritiam,
1367 4172 1521 4237 quae
1567 4154 1705 4219 vitia
1752 4155 1881 4237 ejus
1926 4160 2119 4217 aetate
2153 4155 2213 4217 in
2274 4155 2404 4220 dies
2449 4156 2639 4240 magis
2686 4172 2873 4238 gras-

586 4256 907 4337 sabantur,
970 4259 1049 4323 ita
1095 4258 1402 4341 depinxit,
1463 4267 1528 4325 ut
1591 4276 1712 4323 non
1771 4278 1948 4324 unum
1994 4259 2094 4324 vel
2138 4260 2386 4325 alterum
2429 4266 2697 4341 notaret,
2760 4256 2869 4322 sed
