3246 4959
1508 310 1603 385 13

419 506 710 581 tamquam
756 499 880 564 sale
924 516 1279 582 perspersa,
1322 507 1387 564 ut
1431 498 1606 563 ullam
1646 498 1744 561 vel
1788 497 2009 562 Horatii
2067 500 2162 563 vel
2196 499 2504 564 ‘Juvenalis
2549 501 2697 564 sati-

415 621 539 666 ram
582 603 664 666 illi
708 619 916 684 parem
961 605 1301 667 existimare
1349 604 1629 670 dubitem.
1675 603 1940 667 Persium
1985 604 2136 667 hanc
2162 605 2398 668 satiram
2443 606 2694 668 ultimam

415 707 731 789 scripsisse
775 726 955 790 quum
1002 707 1215 771 eximia
1262 727 1407 791 prae
1431 709 1646 772 ceteris
1692 708 2075 790 praestantia,
2118 715 2236 771 tum
2271 727 2345 772 eo
2393 709 2698 792 probatur,

419 811 477 874 P.
522 811 793 892 Blaesus,
840 831 893 876 a.
940 811 1067 876 813
1115 812 1350 875 duobus
1396 812 1563 875 annis
1607 820 1743 876 ante
1796 812 1980 875 Persii
2026 819 2274 875 mortem
2320 812 2711 896 repetunda-⁴

416 932 547 978 rum
593 923 910 980 accusatus
960 924 1021 980 et
1064 924 1269 981 senatu
1315 924 1533 996 motus,
1577 936 1637 979 V.
1681 914 1767 979 85
1811 933 1945 996 sqq.
1992 916 2211 979 acerbe
2254 919 2597 1003 castigatur.

591 1018 849 1084 Ceterae
892 1038 1139 1103 quoque
1185 1022 1404 1086 satirae
1435 1039 1555 1102 quo
1602 1019 1816 1083 ordine
1847 1020 2107 1102 scriptae
2139 1019 2377 1102 fuerint,
2421 1019 2695 1103 singula-

418 1141 546 1186 rum
592 1133 976 1208 argumento.
1040 1124 1327 1204 consilio,
1386 1133 1594 1189 natura
1640 1133 1920 1188 accurate
1967 1125 2349 1206 examinatis,
2406 1136 2695 1207 quaerere

416 1226 637 1306 studui,
682 1229 845 1310 quod
892 1229 1029 1292 mihi
1092 1229 1163 1292 ad
1202 1229 1483 1310 judicium
1541 1229 1618 1292 de
1667 1230 1871 1292 Persio
1935 1228 2266 1292 faciendum
2327 1230 2483 1293 haud
2531 1230 2693 1313 parvi

417 1333 693 1396 momenti
739 1351 876 1396 esse
906 1332 1244 1397 videbatur.
1294 1334 1477 1396 Prima
1520 1333 1779 1395 omnium
1824 1334 1999 1395 satira
2044 1342 2250 1414 quarta
2295 1335 2512 1417 scripta
2560 1353 2699 1399 esse

422 1433 675 1511 videtur,
722 1454 900 1517 quum
945 1437 1368 1499 sententiarum
1432 1436 1648 1500 ordine
1710 1438 1961 1499 maxime
2019 1437 2273 1521 simplex
2327 1441 2698 1503 etinornata

421 1547 484 1604 et
527 1560 606 1604 ex
650 1541 968 1604 imitatione
1014 1540 1237 1626 dialogi
1283 1541 1560 1605 Platonici
1607 1541 1872 1623 profecta
1907 1541 2167 1605 scholam
2211 1544 2465 1606 maxime
2507 1542 2694 1606 redo-

419 1643 540 1708 leat
627 1664 698 1709 ac
742 1653 862 1710 tota
908 1647 968 1709 in
1013 1663 1089 1709 eo
1133 1655 1432 1726 versetur,
1475 1655 1537 1710 ut
1582 1647 1933 1711 sententiam
1978 1647 2131 1710 illam
2168 1648 2287 1729 jam
2334 1648 2406 1711 ab
2452 1648 2695 1711 Horatio

415 1751 560 1823 (sat.
605 1749 649 1812 l.
717 1744 788 1831 3)
858 1750 1245 1831 explicatam,
1322 1750 1644 1832 plerosque
1708 1751 1981 1815 homines
2041 1770 2149 1817 sua
2213 1751 2345 1816 vitia
2389 1752 2695 1836 ignorare,

418 1853 664 1917 aliorum
713 1853 928 1918 delicta
974 1855 1242 1940 graviter
1286 1854 1754 1937 reprehendere,
1816 1855 2100 1937 exemplis
2146 1855 2494 1937 quibusdam
2559 1855 2699 1920 illu-

418 1966 586 2024 stret.
679 1959 944 2033 Quorum
991 1961 1180 2040 primo
1225 1960 1323 2022 illo
1368 1958 1803 2039 adolescentiS,
1847 1960 1947 2041 qui
2007 1960 2098 2038 iis,
2144 1977 2299 2040 quae
2344 1980 2376 2023 a
2411 1960 2692 2041 vprincipe

419 2063 824 2143 requiruntur,
867 2082 1071 2145 parum
1132 2065 1457 2128 instructus
1518 2083 1588 2128 ac
1631 2064 1755 2128 sola
1816 2064 2071 2147 generis*
2105 2064 2389 2147 dignitate
2436 2063 2696 2128 confisus

418 2168 508 2230 rei
555 2167 826 2247 publicae
869 2159 1360 2233 administrandae
1404 2176 1634 2251 partem
1680 2186 1901 2249 capere
1946 2170 2192 2251 cogitat,
2229 2168 2528 2232 Neronem
2578 2169 2694 2249 peti

352 2314 354 2316 ψ
419 2271 556 2335 mihi
603 2272 997 2336 certissimum
1043 2273 1294 2337 videtur.
1355 2273 1558 2334 Totam
1607 2272 1840 2334 satiram
1886 2271 1962 2333 ad
2011 2272 2167 2335 illum
2211 2271 2481 2350 referre,
2528 2271 2692 2353 quod

421 2374 828 2454 CasaubonuS,
874 2377 1212 2455 MeisteruS,
1259 2375 1356 2439 alii
1399 2375 1694 2453 fecerunt,
1718 2374 2037 2438 absurdum
2065 2384 2154 2438 est
2184 2384 2247 2439 et
2287 2376 2528 2438 historia
2571 2376 2697 2458 ipsa

420 2478 747 2558 refutatur,
791 2499 970 2561 quum
1015 2481 1177 2543 Nero
1225 2479 1632 2561 quinquennio
1695 2479 1793 2543 illo
1840 2479 1995 2543 omni
2038 2479 2215 2544 laude
2264 2481 2478 2563 dignus
2522 2479 2697 2543 habi-

420 2591 513 2647 tus
557 2586 650 2648 sit.
696 2584 820 2649 Sed
866 2583 1023 2666 quod
1072 2586 1257 2665 prima
1323 2584 1538 2646 satirae
1583 2592 1751 2666 parte
1797 2586 1888 2657 (v.
1943 2582 2182 2657 1—22)
2231 2602 2344 2665 qua
2390 2585 2691 2658 Socratem

420 2688 741 2753 Alcibiadis
786 2691 844 2751 in
880 2707 1105 2752 summa
1151 2708 1353 2752 rerum
1414 2687 1781 2771 publicarum
1836 2688 2123 2770 imperitia
2176 2690 2397 2773 ingenii
2453 2696 2513 2751 et
2558 2690 2695 2754 elo-

422 2794 704 2873 quentiae
751 2793 1153 2877 arrogantiam
1184 2801 1557 2856 accusantem
1605 2792 1765 2872 fecit,
1810 2799 1967 2855 tecte
2005 2794 2394 2874 vituperatur,
2440 2814 2517 2858 eo
2562 2813 2693 2858 mea

420 2899 728 2976 sententia,
773 2916 944 2977 quam
991 2898 1165 2960 etiam
1209 2896 1478 2961 Jahnium
1526 2895 1731 2978 (proll.
1775 2915 1832 2978 p.
1880 2897 1984 2975 64,
2020 2901 2080 2968 1)
2126 2897 2354 2960 habere
2398 2916 2554 2960 nunc
2595 2900 2697 2962 vi-

421 3001 558 3081 deo,
605 3002 867 3066 Persium
911 3002 1063 3064 hanc
1106 3002 1342 3064 satiram
1387 3001 1629 3083 primam
1676 3001 2011 3081 scripsisse,
2057 3000 2300 3065 defendi
2344 3001 2696 3066 mihivide-

420 3113 536 3182 tur,
579 3106 877 3169 Neronem
925 3106 1107 3186 prima
1153 3106 1349 3169 statim
1394 3106 1573 3168 satira
1622 3104 1694 3168 ab
1742 3105 1897 3166 ouini
1941 3105 2412 3187 reprehensione
2460 3106 2697 3170 incolu-

421 3229 569 3272 mem
617 3212 879 3273 evasisse
925 3211 1023 3272 vix
1066 3210 1385 3274 verisimile
1431 3217 1539 3274 est.
1599 3209 1741 3272 Post
1783 3209 1934 3271 hanc
1978 3210 2213 3294 satiram
2261 3210 2522 3274 Persium
2569 3211 2694 3274 illas

425 3315 746 3395 scripsisse
791 3321 961 3395 puto,
1005 3333 1148 3394 quas
1192 3314 1262 3376 ad
1296 3313 1571 3377 Caesium
1603 3313 1854 3376 Bassum
1901 3320 2135 3395 poetam
2181 3314 2290 3375 sibi
2337 3314 2698 3394 familiarem,

425 3421 577 3482 Ann.
602 3417 925 3482 Cornutum
972 3425 1433 3499 praeceptorem
1481 3426 1543 3481 et
1587 3436 1761 3497 quem
1794 3418 2199 3499 praeceptoris
2245 3417 2377 3480 loco
2421 3418 2696 3482 habuisse

420 3521 650 3609 videtur
695 3521 938 3585 Plotium
982 3522 1300 3585 Macrinum
1346 3523 1522 3585 misit.
1610 3521 2048 3584 Adolescentes
2111 3522 2263 3583 enim
2310 3539 2467 3602 quae
2512 3524 2692 3603 prima

420 3625 811 3690 confecerunt
871 3626 1125 3689 carmina
1188 3625 1263 3689 ad
1325 3628 1547 3689 amicos
1606 3634 1667 3688 et
1728 3633 2151 3707 praeceptores
2209 3625 2437 3688 mittere
2481 3626 2697 3690 solent.

420 3731 547 3794 Hoc
592 3748 836 3813 quoque
883 3731 1146 3793 Persium
1194 3731 1408 3794 satiras
1453 3731 1703 3812 publicis
1752 3729 1953 3792 usibus
1999 3748 2118 3792 non
2163 3728 2503 3793 destinasse
2549 3748 2696 3811 pro-

420 3833 593 3898 batur
637 3833 742 3911 (cf.
785 3834 870 3913 V,
914 3833 988 3896 21
1050 3836 1315 3913 „secreti
1372 3832 1759 3915 loquimur“).
1851 3836 2062 3897 Harum
2129 3836 2480 3913 satirarum,
2548 3852 2696 3914 quas

428 3937 655 4000 Horatii
702 3937 969 4020 epistolis
1015 3956 1132 4001 non
1178 3937 1491 4000 dissimiles
1540 3938 1783 4016 dixeris,
1828 3939 2071 4019 primam
2117 3937 2187 3999 ad
2236 3938 2502 4001 Caesium
2545 3938 2699 4000 Bas-

426 4057 575 4118 sum,
618 4041 942 4105 secundam
990 4041 1065 4104 ad
1113 4042 1360 4104 Plotium
1406 4042 1751 4116 Macrinum,
1800 4030 2027 4105 tertiam
2073 4042 2145 4104 ad
2174 4041 2330 4106 Ann.
2375 4040 2699 4105 Cornutum

425 4143 659 4207 missam
720 4163 753 4208 a
801 4145 1008 4207 Persio
1070 4145 1344 4227 scriptam
1392 4163 1529 4208 esse
1577 4145 1894 4223 existimo,
1954 4145 2111 4227 quod
2174 4145 2466 4209 nonnullis
2511 4164 2699 4228 argu-
2793 4142 2799 4148 ’

424 4249 635 4314 mentis
695 4266 771 4312 ex
824 4249 1089 4333 ipsarum
1135 4257 1344 4313 natura
1401 4249 1601 4333 petitis
1660 4249 2016 4331 probaturus
2075 4267 2224 4315 sum.
2314 4250 2500 4316 Satira
2544 4267 2699 4333 quae
