3246 4959
1442 1011 1502 1084 1.

397 1228 999 1335 Quaestiones
1063 1229 1177 1314 de
1252 1226 1597 1315 satirae
1658 1226 2160 1315 Persianae
2223 1233 2553 1315 natura

1221 1373 1315 1453 et
1373 1365 1708 1457 indole.

1409 1682 1637 1737 „Multum
1665 1684 1712 1726 et
1739 1691 1882 1726 verae
1909 1681 2093 1735 gloriae
2121 1683 2343 1735 quamvis
2368 1693 2463 1726 nno
2489 1683 2611 1727 libro

1499 1752 1694 1797 Persius
1722 1752 1936 1796 meruit.“
2185 1751 2365 1802 Quintl.
2392 1752 2450 1796 X.
2479 1758 2517 1809 1,
2544 1756 2612 1796 84.

1395 1989 1456 2059 §0
1503 1984 1560 2048 1.

513 2116 711 2226 Quum
757 2139 1011 2222 quodvis
1057 2139 1372 2202 carminum
1406 2156 1601 2224 genus
1648 2158 1729 2202 ex
1772 2144 1961 2202 aetate
1998 2139 2304 2219 scriptoris
2338 2138 2619 2221 pendeat,

340 2256 457 2311 tum
504 2247 709 2325 satira,
753 2253 816 2307 ut
862 2262 1013 2325 quae
1060 2245 1247 2308 seculi
1293 2262 1492 2307 mores
1539 2249 1856 2324 corruptos
1902 2243 2178 2326 castiget,
2238 2244 2427 2306 omnia
2478 2243 2615 2323 inde

339 2350 629 2433 depromit
689 2357 1085 2432 argumenta,
1146 2348 1284 2412 inde
1345 2367 1579 2412 omnem
1644 2347 1905 2410 colorem
1967 2346 2141 2412 ducit.
2235 2346 2621 2427 Comoediae,

341 2473 498 2537 quae
544 2454 785 2519 satiram
832 2451 1112 2518 affinitate
1161 2452 1414 2534 quadam
1449 2451 1756 2536 contingit,
1800 2451 1860 2514 in
1908 2451 2105 2534 priora
2137 2459 2400 2535 tempora
2437 2470 2621 2516 rece-

339 2560 485 2623 dere
530 2560 700 2637 licet,
754 2559 933 2622 satira
980 2560 1289 2641 praesenti
1334 2558 1594 2640 quodam
1641 2558 1861 2639 impetu
1906 2565 2211 2636 movetur,
2272 2575 2451 2638 quum
2497 2573 2619 2638 quo

341 2672 610 2744 tempore
671 2663 863 2726 omnia
929 2662 984 2724 in
1047 2663 1217 2745 pejus
1280 2670 1459 2726 ruunt
1516 2668 1698 2744 poeta
1758 2662 2030 2725 satiricus
2091 2663 2334 2725 summis
2395 2661 2621 2725 viribus

340 2766 693 2845 contendat,
751 2774 816 2829 ut
874 2767 1173 2850 ingruenti
1230 2786 1432 2830 rerum
1477 2766 1733 2828 omnium
1789 2766 1972 2828 exitio
2016 2766 2278 2829 moribus
2323 2767 2622 2849 corruptis

341 2870 560 2934 acerbe
605 2870 968 2954 castigandis
1025 2889 1168 2934 sese
1225 2877 1505 2953 opponat.
1565 2868 1683 2935 Sed
1745 2886 1866 2931 non
1921 2869 2113 2932 solum
2175 2870 2253 2933 ob
2300 2872 2620 2948 materiam,

341 2994 512 3057 quam
567 2994 646 3038 ex
689 2982 959 3056 tempore
1016 2977 1149 3058 ipso
1197 2975 1505 3057 depromat
1551 2993 1808 3038 necesse
1854 2980 1980 3053 est,
2041 2975 2222 3039 satira
2282 2976 2417 3039 inde
2462 2993 2621 3059 pen-

341 3080 480 3160 det,
542 3080 896 3162 cognatione
960 3098 1201 3161 quoque
1268 3079 1527 3162 quadam
1591 3078 1917 3145 studiorum
1979 3087 2189 3159 poeta,
2250 3082 2347 3161 qui
2408 3082 2620 3145 satiras

341 3185 545 3248 scribit
606 3192 665 3247 et
708 3184 783 3260 ii,
844 3183 943 3264 qui
1001 3182 1159 3245 illum
1218 3183 1462 3266 legunt,
1523 3183 1817 3265 conjuncti
1880 3200 2020 3246 esse
2078 3182 2317 3247 debent.
2406 3187 2617 3250 Aetate

342 3305 590 3369 prorsus
637 3295 921 3369 corrupta
966 3294 1026 3349 et
1069 3286 1341 3349 secordia
1389 3287 1695 3351 insanabili
1743 3286 2012 3350 demersa
2080 3289 2257 3352 satira
2304 3288 2435 3352 fere
2478 3291 2617 3353 inu-

341 3392 455 3456 tilis
524 3399 645 3472 est,
715 3410 894 3474 quum
953 3391 1220 3470 homines
1282 3410 1317 3453 e
1378 3398 1628 3473 torpore
1691 3392 1932 3453 excitari
1991 3398 2051 3454 et
2105 3391 2288 3455 sorde
2346 3394 2615 3457 vitiorum

339 3496 578 3560 liberari
625 3497 722 3559 vix
767 3496 1083 3579 patiantur.
1147 3495 1220 3558 Ut
1250 3494 1497 3559 Rothius
1545 3495 1662 3559 nde
1708 3496 1880 3558 satira
1926 3495 2225 3560 Romana“
2275 3516 2331 3579 p.
2369 3497 2409 3560 6
2445 3505 2615 3563 recte

228 3639 231 3640 ν
343 3601 769 3678 animadvertit,
812 3619 927 3664 nec
972 3600 1411 3665 mediocritates
1457 3618 1570 3663 nec
1614 3600 1947 3664 nimietates
1987 3602 2205 3665 satirae
2235 3603 2617 3682 conveniunt,

342 3704 451 3767 sed
497 3705 755 3779 pravitas
800 3705 893 3768 illa
938 3705 1111 3767 animi
1158 3724 1227 3767 ac
1270 3704 1659 3787 perversitaS,
1705 3722 1786 3767 ex
1831 3722 1948 3786 qua
1991 3703 2327 3769 hominibus
2372 3706 2443 3768 ad
2490 3708 2619 3771 vir-

344 3815 528 3872 tutem
592 3809 795 3872 redire
854 3817 1047 3889 atque.
1092 3807 1165 3870 ad
1226 3808 1440 3871 bonam
1488 3807 1726 3892 frugem
1773 3827 1841 3872 se
1888 3809 2161 3891 recipere
2209 3810 2364 3874 licet.
2426 3812 2621 3875 Verae

343 3913 564 3977 satirae
628 3932 698 3976 ea
762 3911 1163 3975 tantummodo
1227 3920 1420 3976 aetate
1483 3911 1855 3992 scribuntur,
1918 3931 2033 3994 qua
2094 3932 2198 3978 res
2244 3914 2517 3997 publicae
2565 3923 2626 3980 et

344 4017 611 4097 privatae
676 4016 831 4080 adeo
901 4024 1221 4098 corruptae
1297 4024 1356 4079 et
1415 4015 1770 4097 depravatae
1826 4025 2000 4095 sunt,
2068 4025 2130 4080 ut
2202 4018 2342 4082 boni
2413 4038 2622 4085 omnes

345 4136 544 4182 rerum
588 4122 963 4184 mutationem
1008 4122 1416 4184 communibus
1466 4122 1621 4184 votis
1670 4128 2021 4201 exposcant.
2091 4120 2282 4195 Quem
2344 4122 2424 4186 illi
2468 4137 2625 4187 con-³

343 4224 654 4306 cupiscunt
716 4225 971 4290 reditum
1032 4224 1108 4288 ad
1170 4226 1441 4290 amissam
1501 4232 1768 4296 naturam
1828 4226 2015 4308 ipsam
2089 4243 2408 4308 moresque
2474 4228 2622 4292 sim-

2160 4316 2200 4387 1
