3246 4959
1626 230 1736 303 34-

535 418 675 497 Or„
719 417 957 497 Heinr„
999 417 1095 480 alii
1139 418 1475 501 neglectam
1527 418 1840 481 lectionem
1886 416 2224 481 finditur
2279 427 2447 482 recte
2490 437 2566 482 ac
2606 415 2816 480 merito

533 528 912 585 revocarunt.
975 520 1262 584 Findor
1309 529 1386 584 ut
1432 520 1720 585 vocabulo
1767 528 1847 585 ut
1890 529 2026 603 post
2067 540 2121 588 v.
2149 521 2407 586 -finditur
2463 521 2820 603 interposito

534 634 599 689 et
639 623 993 707 compendio
1040 625 1342 687 scribendi
1386 643 1504 688 non
1552 625 1854 688 intellecto
1897 633 2092 687 ortum
2138 644 2279 689 esse
2319 627 2572 691 videtur.
2616 623 2815 688 Verba

534 732 627 810 „T
647 732 1015 813 urgescit
1077 731 1260 791 vitrea
1337 729 1503 810 bilis3
1575 730 1604 792 f
1615 727 1953 792 inditur“
2029 731 2362 793 certissime
2421 732 2520 793 uni
2593 737 2818 793 tantum

534 835 741 897 Persio
804 833 979 896 tribui
1039 852 1153 896 nec
1212 835 1482 914 separari
1545 837 1736 917 (turg.
1809 864 1888 878 -
1949 833 2142 896 findor
2203 838 2295 909 ut)
2356 842 2641 915 possunt,
2707 832 2817 895 nisi

537 940 745 1001 mirum
807 939 959 1000 inter
1021 937 1172 1000 duos
1234 937 1556 1000 verborum
1619 956 1979 1001 consensum
2042 944 2274 1002 statuas
2353 937 2822 1001 Adolescentem

534 1044 612 1106 ita
672 1041 747 1104 de
791 1060 862 1104 se
922 1041 1085 1120 loqui
1140 1060 1260 1103 non
1317 1043 1581 1122 potuisse
1630 1043 1827 1105 Herm.
1886 1049 2057 1105 antea
2105 1042 2278 1114 (Rez.
2328 1060 2383 1104 v,
2431 1041 2615 1105 Plum.
2661 1040 2817 1121 Allg.

536 1146 896 1229 Schulzeitg.
945 1141 1112 1208 ¹833
1158 1145 1465 1223 „findor
1510 1155 1587 1209 ut
1626 1129 1705 1209 vist
1749 1147 1950 1208 albern
1996 1165 2053 1208 u.
2099 1145 2562 1228 psychologisch
2606 1144 2819 1221 falsch‚

536 1252 672 1316 eine
704 1248 1296 1332 Selbstbetracbtung
1337 1250 1456 1313 und
1502 1251 1659 1314 kalte
1694 1251 2146 1333 Objectivirung
2186 1247 2606 1334 unzulassig“)
2650 1257 2815 1312 recte

535 1360 956 1435 perspexerat.
1025 1352 1170 1414 Tum
1232 1354 1332 1416 vix
1395 1355 1681 1435 quispiam
1742 1355 1948 1417 Latine
2006 1354 2288 1432 ,‚tindor“
2349 1342 2592 1430 dixerit,
2650 1360 2826 1415 recte.

534 1458 815 1521 Horatius
874 1464 983 1519 sat.
1030 1455 1084 1532 l,
1127 1455 1202 1534 3,
1269 1456 1390 1520 136
1450 1458 1806 1539 „Rumperis
1863 1466 1924 1520 et
1966 1458 2141 1521 latras
2160 1456 2218 1535 ‚“
2283 1466 2448 1521 recte
2507 1459 2602 1520 ille
2659 1455 2818 1539 apud

535 1562 835 1640 Plautum,
880 1560 1092 1625 Bacch.
1140 1559 1208 1638 11,
1254 1561 1315 1639 3,
1364 1562 1442 1625 17

956 1697 1103 1762 „Heu
1141 1714 1229 1750 cor
1261 1713 1427 1749 meum
1468 1707 1519 1750 et
1558 1698 1820 1750 cerebrum
1860 1697 2107 1750 Nicobule
2145 1697 2401 1753 finditur.“

538 1820 823 1886 Hauthalii
883 1820 1220 1902 conjectura
1282 1821 1651 1884 findimur
1712 1822 1920 1885 iisdem
1983 1822 2229 1902 aliisque
2287 1822 2533 1902 insuper
2593 1819 2701 1893 (cf.
2760 1838 2817 1880 v.

544 1926 644 2004 12,
696 1924 808 2000 14)
854 1925 1242 1987 incommodis
1288 1925 1532 1988 laborat.
1602 1926 1852 1989 Omnino
1899 1927 2053 1989 haud
2099 1928 2315 2008 placet,
2372 1932 2585 2006 poetae
2630 1921 2817 1986 verba

541 2031 632 2102 (v.
694 2027 943 2102 8—15)
1012 2048 1164 2091 voce
1224 2029 1315 2091 illa
1392 2029 1663 2112 solivaga
1737 2030 2110 2111 interrumpi,
2185 2047 2381 2109 neque
2455 2023 2817 2110 negligenda

539 2132 725 2196 Persii
772 2151 872 2196 ars
919 2138 1031 2212 est,
1077 2151 1214 2213 qua,
1259 2132 1395 2195 dum
1443 2132 1715 2218 dialogus
1761 2153 1828 2196 re
1874 2135 1999 2216 ipsa
2032 2133 2495 2214 interrumpitur,
2540 2131 2611 2193 ad
2654 2131 2818 2191 veri-

539 2244 718 2301 tatem
779 2237 1065 2299 rationem
1120 2244 1369 2299 revocat
1425 2245 1486 2300 et
1545 2238 1821 2301 nonnulla
1879 2256 2079 2300 secum
2141 2244 2572 2300 commentatur
2618 2233 2727 2308 (cf.
2775 2231 2819 2310 1,

543 2338 627 2405 56
672 2345 857 2423 sqq).
918 2340 1177 2403 Tandem
1222 2340 1577 2404 adolescens
1621 2342 1752 2422 ille,
1816 2343 1911 2405 cui
1957 2341 2305 2424 „pulchrum
2352 2348 2478 2404 erat
2521 2341 2578 2401 in
2624 2336 2820 2400 medi-

541 2465 641 2511 um
686 2445 840 2510 diem
878 2442 1202 2523 dormire-,⁶⁶
1244 2445 1316 2509 ad
1363 2445 1556 2510 studia
1602 2448 1810 2530 surgit.
1861 2479 1936 2492 -
1987 2449 2055 2513 V.
2107 2444 2204 2512 10.
2252 2445 2473 2509 Omnes
2518 2445 2820 2526 interpre-

539 2558 631 2614 tes
690 2559 934 2632 praeter
980 2550 1256 2612 Plumium
1316 2558 1377 2613 et
1423 2550 1805 2614 Duebnerum
1851 2551 1931 2613 illi
1983 2552 2398 2616 assentientem
2444 2548 2632 2612 verba
2690 2565 2817 2629 po-

539 2655 724 2718 sitis
771 2652 1094 2736 capillis
1141 2654 1215 2716 de
1261 2657 1600 2720 membrana
1658 2656 1890 2736 pumice
1934 2655 2186 2738 levigata
2249 2654 2612 2737 interpretati
2658 2660 2818 2717 sunt.

535 2757 658 2824 Sed
704 2776 824 2821 non
880 2758 1057 2821 modo
1115 2762 1445 2839 sententia,
1505 2761 1664 2841 quod
1710 2762 2046 2841 primarium
2107 2768 2230 2840 est,
2289 2759 2613 2822 communis
2658 2774 2819 2837 quo-

535 2881 654 2944 que
701 2862 1020 2926 verborum
1070 2882 1213 2927 usus
1260 2864 1337 2926 illi
1385 2865 1854 2947 interpretationi
1899 2864 2241 2929 reluctatur.
2290 2863 2410 2927 Cur
2455 2863 2606 2945 pilos
2652 2877 2820 2923 rasos

529 2984 896 3045 memorare,
967 2985 1144 3047 quum
1221 2968 1352 3031 talis
1424 2969 1761 3033 membrana
1832 2990 1941 3052 per
2000 2990 2068 3033 se
2141 2968 2498 3052 intelligatur
2571 2973 2631 3029 et
2688 2983 2822 3028 voc.

524 3071 846 3134 bicolor
921 3073 1191 3151 poeticae
1273 3073 1650 3154 descriptioni
1722 3073 2015 3137 sufficiat?
2088 3074 2258 3136 Jahn.
2335 3091 2516 3135 unum
2600 3076 2820 3132 tantum

527 3174 724 3239 locum
782 3176 1039 3256 reperit,
1108 3176 1203 3238 ubi
1265 3176 1362 3258 pili
1425 3177 1618 3259 capilli
1680 3179 2082 3254 nominantur3
2139 3186 2197 3240 at
2256 3177 2333 3239 ibi
2386 3178 2503 3258 jam
2564 3175 2637 3238 de
2687 3174 2820 3237 ani-

532 3279 778 3344 malibus
823 3297 1024 3343 sermo
1070 3279 1294 3360 suerat,
1340 3289 1403 3344 ut
1448 3281 1697 3344 dubitari
1744 3302 1860 3344 non
1905 3291 2129 3365 posset.
2184 3283 2328 3344 Turn
2385 3298 2535 3342 vero
2588 3276 2820 3358 „capil-

532 3384 626 3449 los
689 3382 956 3467 ponere“
1017 3403 1260 3467 semper
1328 3385 1404 3448 de
1466 3385 1577 3448 illis
1640 3386 1951 3468 pectendis
2014 3394 2076 3449 et
2136 3385 2468 3448 calamistro
2544 3380 2822 3445 ornandis

535 3495 874 3571 usurpatur.
938 3488 1124 3562 Quam
1187 3490 1436 3573 egregie
1471 3491 1594 3572 jam
1657 3491 1750 3553 illa
1806 3491 2240 3555 adolescentem
2297 3487 2658 3552 desidiosum
2705 3484 2821 3548 de-

539 3599 706 3669 cent,
767 3593 865 3673 qui
912 3600 1175 3656 nostrum
1222 3602 1386 3672 „erst
1429 3594 1648 3674 frisirt,
1709 3589 1866 3658 dann
1924 3592 2181 3658 studirt“
2230 3593 2521 3675 probasse
2565 3589 2820 3653 videtur.

539 3693 766 3771 Unum,
823 3695 981 3777 quod
1029 3697 1198 3759 nobis
1246 3698 1420 3778 objici
1465 3699 1683 3779 possit,
1742 3699 2060 3762 verborum
2107 3698 2259 3762 ordo
2307 3706 2398 3761 est
2442 3697 2711 3760 insolitus
2759 3701 2819 3757 et

536 3797 890 3879 affectatior,
937 3800 1044 3863 sed
1092 3798 1166 3863 cf.
1214 3802 1380 3865 Pers,
1426 3802 1498 3881 V,
1547 3802 1675 3864 140

883 3933 1032 4000 „Jam
1069 3937 1240 4003 pueris
1277 3938 1463 4005 pellem
1501 3940 1787 3993 succinctus
1823 3947 1874 3993 et
1907 3939 2255 4009 oenophorum
2294 3938 2489 4007 aptas.“

540 4056 686 4121 Hor.
728 4065 836 4121 sat.
882 4056 926 4136 1,
980 4057 1078 4137 10,
1126 4058 1238 4123 19:

933 4177 1051 4242 „Nil
1086 4186 1289 4245 praeter
1325 4177 1533 4232 Calvum
1569 4189 1621 4233 et
1659 4181 1836 4235 doctus
1874 4191 2082 4235 cantare
2119 4180 2421 4235 Catullum.“
