3246 4959
1642 301 1741 374 20

555 490 785 556 dicendi
842 492 991 555 ratio
1052 490 1448 575 agnoscitur?
1509 490 1748 572 Optime
1808 488 2113 554 Ciceronis
2175 491 2289 555 illis
2349 489 2423 554 de
2483 489 2831 572 Thucydide

552 597 750 661 verbis
812 597 1011 670 (Brut.
1074 615 1127 659 c.
1194 601 1264 669 7)
1336 596 1414 660 de
1472 597 1717 674 Persio,
1798 615 2150 678 quamquam
2210 595 2290 658 illi
2345 596 2586 679 ingenio
2647 594 2830 678 longe

554 701 823 784 dispares
866 709 1026 779 sunt,
1060 700 1457 784 judicaveris:
1530 700 1818 783 „grandis
1879 699 2101 777 verbis,
2144 701 2590 782 compressione
2633 718 2830 763 rerum

554 805 758 870 'brevis
828 812 888 868 et
943 805 1020 867 ob
1066 823 1193 867 eam
1250 806 1437 887 ipsam
1485 823 1720 868 causam
1767 801 2237 868 subobscurus.“
2294 803 2356 867 ln
2403 805 2588 868 Persii
2632 803 2831 867 satiris

560 928 745 991 pauca
791 917 1009 973 tantum
1056 910 1238 972 verba
1299 927 1418 973 non
1463 908 1729 992 vulgaria
1774 917 1833 972 et
1876 908 2102 992 figurae
2148 927 2353 990 parurn
2400 909 2645 972 usitatae
2691 925 2834 970 ora-
2935 950 2938 951 ν

558 1014 698 1078 tioni
762 1014 1179 1077 obscuritatem
1244 1021 1306 1077 ct
1367 1013 1647 1077 tenebras
1709 1013 2003 1092 afferunt,
2062 1013 2363 1077 Juvenalis
2421 1014 2639 1076 satirae
2682 1012 2835 1075 doc-
2949 1076 2959 1081 ,

556 1119 701 1182 trina
745 1119 1011 1200 repletae
1055 1119 1186 1182 sine
1232 1119 1653 1192 commentario
1698 1119 1801 1181 vix
1844 1117 2265 1201 intelliguntur.
2326 1117 2444 1185 Sed
2490 1117 2588 1180 ille
2633 1125 2835 1180 trans-

555 1223 839 1287 lationum
904 1241 1051 1287 usus
1113 1231 1376 1286 veterum
1431 1224 1787 1304 scriptorum
1847 1222 2137 1300 omnium,
2211 1221 2423 1303 quibus
2468 1210 2657 1303 major
2700 1238 2833 1285 oum

558 1334 761 1410 natura
824 1326 1203 1390 necessitudo
1262 1328 1542 1411 contigit,
1597 1328 1876 1409 proprius
1937 1333 2049 1389 est.
2112 1327 2350 1390 Persius
2411 1325 2563 1389 duce
2622 1333 2833 1388 natura

558 1449 664 1494 sua
725 1430 945 1511 ubique
1004 1432 1216 1494 mentis
1274 1449 1390 1512 quo
1457 1431 1739 1495 excelluit
1796 1432 2062 1494 acumine
2122 1430 2412 1512 quasdam
2471 1430 2643 1493 animi
2701 1448 2834 1493 cum

558 1537 740 1599 rebus
786 1534 1198 1599 similitudines
1255 1536 1563 1616 inquirens
1630 1535 1926 1599 nonnullis
1987 1535 2222 1616 quidem
2266 1535 2412 1598 locis
2450 1535 2651 1626 judicii
2698 1535 2835 1598 ele·

559 1641 815 1722 gantiam
865 1657 980 1702 non
1029 1641 1316 1719 servavit,
1360 1640 1457 1703 ubi
1503 1640 1600 1704 vel
1648 1639 1871 1703 duabus
1919 1647 1979 1703 et
2024 1659 2177 1721 quae
2226 1658 2473 1721 prorsus
2522 1638 2835 1703 dissimiles

434 1798 437 1799 ⁷
560 1752 700 1807 sunt
743 1740 1134 1828 imaginibus,
1181 1744 1394 1808 dubius
1438 1753 1627 1808 utram
1675 1745 1954 1828 eligeret,
2013 1744 2226 1821 utitur,
2286 1743 2363 1823 (1,
2408 1742 2526 1822 243
2574 1743 2670 1823 lv,
2719 1742 2835 1820 123

562 1848 638 1925 V,
683 1848 799 1924 25)
854 1848 952 1911 vel
1015 1848 1177 1929 quod
1213 1849 1330 1930 jam
1390 1850 1644 1931 imagine
1690 1850 2021 1930 expressit,
2080 1849 2281 1911 verbis
2326 1849 2581 1930 propriis
2627 1849 2838 1931 repetit

564 1961 626 2016 et
657 1954 993 2017 accuratius
1027 1952 1279 2016 declarat
1325 1952 1397 2033 (l,
1443 1955 1482 2017 5
1527 1973 1661 2034 sqq.
1709 1951 1801 2032 111,
1848 1949 1927 2015 67
1975 1970 2107 2034 sqq.
2155 1954 2228 2032 V,
2279 1949 2358 2016 10
2399 1958 2579 2034 sqq).
2629 1953 2838 2016 Veris-

565 2058 773 2121 simum
834 2075 985 2121 vero
1047 2063 1172 2133 est,
1235 2057 1395 2138 quod
1443 2057 1749 2139 Longinus
1812 2057 1983 2135 dicit,
2045 2064 2252 2139 tropos
2312 2057 2639 2121 sublimium
2704 2075 2839 2120 esse

565 2161 963 2244 ingeniorum,
1008 2179 1259 2242 quorum
1308 2168 1368 2222 et
1411 2162 1505 2224 illa
1553 2160 1788 2224 dicendi
1834 2162 2114 2239 brevitas,
2167 2161 2646 2243 quae‘lectorem
2693 2180 2839 2223 acu-

563 2273 684 2328 tum
749 2273 809 2328 et
854 2273 1134 2328 attentum
1181 2265 1519 2345 desiderat,
1578 2266 1831 2328 maxime
1887 2265 2044 2346 apud
2091 2267 2393 2347 Persium,
2453 2267 2553 2346 qui
2598 2266 2839 2347 saepis-

563 2370 709 2432 sime
754 2387 1094 2433 sermonem
1143 2371 1439 2450 inceptum
1486 2370 1775 2452 abrumpit
1822 2369 2153 2451 mollesque
2197 2371 2272 2434 ad
2320 2378 2664 2453 argumenta
2711 2370 2841 2432 adi-

564 2482 658 2537 tus
703 2475 949 2556 spernit.
1007 2473 1190 2537 Persii
1253 2474 1578 2539 sententias
1625 2493 1745 2537 non
1800 2474 2020 2559 ubique
2065 2477 2209 2539 satis
2256 2476 2437 2540 nitide
2486 2484 2546 2540 et
2589 2474 2842 2560 elegan-

567 2586 661 2642 ter
705 2577 1101 2642 conformatas
1149 2597 1286 2642 esse
1331 2578 1503 2642 facile
1549 2580 1847 2660 conced0‚
1906 2580 2013 2643 sed
2079 2600 2158 2644 ex
2205 2588 2412 2644 natura
2456 2581 2584 2661 ipsa
2631 2582 2842 2657 petitae

564 2684 781 2764 cuique
838 2684 927 2746 rei
988 2683 1239 2746 maxime
1301 2690 1438 2745 sunt
1492 2684 1987 2749 accommodatae.
2055 2686 2273 2749 Poetae
2335 2686 2541 2748 comici
2607 2694 2665 2748 et
2707 2686 2845 2748 sati-

456 2795 457 2798 ’
565 2787 673 2850 rici
720 2804 965 2866 omnes,
1025 2794 1089 2849 ut
1132 2786 1428 2859 hominum
1472 2788 1611 2848 vitia
1657 2790 1901 2872 gravius
1947 2791 2249 2875 exagitent
2293 2798 2354 2854 et
2395 2791 2580 2854 risum
2626 2808 2843 2854 move-

569 2898 689 2969 ant,
734 2909 1011 2954 sermone
1060 2889 1299 2969 t'estivo,
1344 2890 1637 2953 interdum
1681 2900 1950 2955 contorto
1996 2902 2260 2971 utuntur,
2306 2912 2503 2977 neque
2548 2902 2755 2976 tropos
2781 2894 2841 2966 *)

566 2994 914 3077 repudiant;
978 3013 1098 3057 non
1158 2991 1313 3075 apud
1376 2993 1512 3057 illos
1557 2997 1893 3076 quaeritur,
1954 2997 2093 3077 quid
2138 3015 2250 3079 per
2308 3016 2376 3061 se
2422 2998 2729 3080 pulchrum
2774 3017 2847 3061 ac

566 3098 932 3182 perfectum,
1002 3099 1106 3161 sed
1168 3098 1309 3180 quid
1367 3099 1486 3176 rei,
1557 3115 1729 3180 quam
1790 3098 2166 3179 describunt,
2238 3108 2435 3183 aptum
2497 3110 2579 3165 et-
2615 3120 2846 3165 conve-

571 3205 743 3268 niens
788 3205 878 3267 sit.

742 3336 817 3398 Ut
858 3350 1011 3396 vero
1043 3332 1231 3396 Persii
1276 3332 1491 3395 satirae
1537 3333 1772 3414 penitus
1817 3334 2232 3418 intelligantur,
2276 3355 2472 3419 neque
2500 3337 2617 3401 hoc
2650 3336 2845 3421 negli-

571 3439 828 3524 gendum
891 3445 1014 3516 est,
1071 3436 1231 3517 quod
1304 3436 1571 3522 dialogo,
1638 3439 1854 3500 satirae
1928 3438 2227 3503 Romanae
2295 3443 2571 3524 proprio,
2646 3444 2848 3520 utitur,

573 3564 747 3626 quem
793 3545 870 3607 ita
916 3542 1192 3621 instituit,
1247 3549 1311 3604 ut
1355 3540 1758 3605 adversarium
1805 3559 1967 3604 suam
2013 3543 2196 3623 ipsius
2238 3547 2584 3609 sententiam
2632 3546 2846 3608 defen-

575 3649 808 3711 dentem
854 3646 967 3711 sibi
1014 3646 1215 3728 tingat.
1261 3645 1368 3707 Hic
1397 3646 1640 3708 aliorum
1672 3664 1910 3708 causam
1957 3666 2142 3730 agens
2186 3668 2520 3713 sermonem
2550 3649 2847 3714 hominum

572 3763 686 3819 tam
735 3753 984 3836 egregie
1031 3767 1389 3831 expressum
1448 3749 1671 3826 reddit,
1736 3758 1795 3811 ut
1839 3750 1920 3812 illi
1963 3752 2214 3816 Baconis
2246 3754 2848 3837 verul-praecepto:

571 3856 976 3939 „loquendum
1025 3861 1147 3933 cst,
1202 3860 1266 3915 ut
1310 3853 1559 3937 vulguS‚
1618 3853 2024 3936 sentiendum,
2065 3863 2129 3918 ut
2174 3857 2517 3938 sapientes“
2562 3860 2620 3920 in
2666 3856 2850 3920 Persii

571 3964 766 4028 satiris
812 3962 1031 4044 optime
1074 3956 1437 4022 satisfactum
1484 3974 1622 4020 esse
1670 3956 1855 4022 dicas.
1912 3958 2146 4024 Summa
2191 3980 2344 4030 vero
2387 3972 2566 4046 poeta
2611 3964 2670 4026 in
2716 3962 2849 4024 dia-

709 4256 770 4325 1“)
808 4257 945 4320 Quos
983 4259 1196 4313 Montius
1247 4272 1424 4332 argute
1459 4279 1569 4330 „un
1605 4279 1744 4316 arme
1780 4264 1831 4316 di
1864 4262 2087 4317 riserva“
2125 4260 2408 4331 appellavit.
