<?xml version="1.0" encoding="UTF-8"?>
<!DOCTYPE html PUBLIC "-//W3C//DTD XHTML 1.0 Transitional//EN"
    "http://www.w3.org/TR/xhtml1/DTD/xhtml1-transitional.dtd">
<html xmlns="http://www.w3.org/1999/xhtml" xml:lang="en" lang="en">
 <head>
  <title>
</title>
<meta http-equiv="Content-Type" content="text/html;charset=utf-8" />
  <meta name='ocr-system' content='tesseract 3.04.00' />
  <meta name='ocr-capabilities' content='ocr_page ocr_carea ocr_par ocr_line ocrx_word'/>
</head>
<body>
  <div class='ocr_page' id='page_1' title='image "./quaestionespers01schlgoog_0045.png"; bbox 0 0 3246 4959; ppageno 0'>
   <div class='ocr_carea' id='block_1_1' title="bbox 1500 288 1599 364">
    <p class='ocr_par' dir='ltr' id='par_1_1' title="bbox 1500 288 1599 364">
     <span class='ocr_line' id='line_1_1' title="bbox 1500 288 1599 364; baseline 0.01 -1"><span class='ocrx_word' id='word_1_1' title='bbox 1500 288 1599 364; x_wconf 78' lang='lat'><strong>37</strong></span> 
     </span>
    </p>
   </div>
   <div class='ocr_carea' id='block_1_2' title="bbox 408 472 2690 750">
    <p class='ocr_par' dir='ltr' id='par_1_2' title="bbox 408 472 2690 750">
     <span class='ocr_line' id='line_1_2' title="bbox 408 472 2687 563; baseline -0.004 -18"><span class='ocrx_word' id='word_1_2' title='bbox 408 479 655 554; x_wconf 66' lang='lat' dir='ltr'><strong>evadatz</strong></span> <span class='ocrx_word' id='word_1_3' title='bbox 723 499 867 563; x_wconf 82' lang='lat' dir='ltr'><strong>qua</strong></span> <span class='ocrx_word' id='word_1_4' title='bbox 929 479 1006 543; x_wconf 87' lang='lat' dir='ltr'><strong>de</strong></span> <span class='ocrx_word' id='word_1_5' title='bbox 1050 478 1325 542; x_wconf 76' lang='lat' dir='ltr'><strong>cautione</strong></span> <span class='ocrx_word' id='word_1_6' title='bbox 1364 477 1422 542; x_wconf 92' lang='lat' dir='ltr'><strong>in</strong></span> <span class='ocrx_word' id='word_1_7' title='bbox 1477 477 1809 557; x_wconf 85' lang='lat' dir='ltr'><strong>flectendo,</strong></span> <span class='ocrx_word' id='word_1_8' title='bbox 1869 494 2039 558; x_wconf 82' lang='lat' dir='ltr'><strong>quam</strong></span> <span class='ocrx_word' id='word_1_9' title='bbox 2089 475 2210 558; x_wconf 79' lang='lat' dir='ltr'><strong>jam</strong></span> <span class='ocrx_word' id='word_1_10' title='bbox 2253 473 2472 539; x_wconf 79' lang='lat' dir='ltr'><strong>Nestor</strong></span> <span class='ocrx_word' id='word_1_11' title='bbox 2511 472 2687 537; x_wconf 48' lang='lat' dir='ltr'><strong>Anti*-</strong></span> 
     </span>
     <span class='ocr_line' id='line_1_3' title="bbox 408 577 2690 750; baseline -0.003 -103"><span class='ocrx_word' id='word_1_12' title='bbox 408 585 600 750; x_wconf 48' lang='grc' dir='ltr'><strong>1ξὲὴυῖ</strong></span> <span class='ocrx_word' id='word_1_13' title='bbox 620 603 743 717; x_wconf 56' lang='grc' dir='ltr'><strong>ιεἰιιο</strong></span> <span class='ocrx_word' id='word_1_14' title='bbox 788 579 1293 663; x_wconf 72' lang='lat' dir='ltr'><strong>commendavit,“</strong></span> <span class='ocrx_word' id='word_1_15' title='bbox 1320 582 1564 647; x_wconf 84' lang='lat' dir='ltr'><strong>brevius</strong></span> <span class='ocrx_word' id='word_1_16' title='bbox 1610 581 1998 645; x_wconf 86' lang='lat' dir='ltr'><strong>Casaubonus</strong></span> <span class='ocrx_word' id='word_1_17' title='bbox 2044 579 2246 660; x_wconf 90' lang='lat' dir='ltr'><strong>„unde</strong></span> <span class='ocrx_word' id='word_1_18' title='bbox 2290 587 2353 642; x_wconf 92' lang='lat' dir='ltr'><strong>et</strong></span> <span class='ocrx_word' id='word_1_19' title='bbox 2396 577 2495 641; x_wconf 89' lang='lat' dir='ltr'><strong>ubi</strong></span> <span class='ocrx_word' id='word_1_20' title='bbox 2539 595 2690 640; x_wconf 84' lang='lat' dir='ltr'><strong>ver-</strong></span> 
     </span>
    </p>
   </div>
   <div class='ocr_carea' id='block_1_3' title="bbox 412 806 2691 995">
    <p class='ocr_par' dir='ltr' id='par_1_3' title="bbox 412 806 2691 995">
     <span class='ocr_line' id='line_1_4' title="bbox 581 806 2689 889; baseline -0.004 -15"><span class='ocrx_word' id='word_1_21' title='bbox 581 810 655 874; x_wconf 88' lang='lat' dir='ltr'><strong>V.</strong></span> <span class='ocrx_word' id='word_1_22' title='bbox 697 809 805 874; x_wconf 87' lang='grc'><strong>69.</strong></span> <span class='ocrx_word' id='word_1_23' title='bbox 851 809 936 873; x_wconf 87' lang='lat' dir='ltr'><strong>llli</strong></span> <span class='ocrx_word' id='word_1_24' title='bbox 979 810 1148 874; x_wconf 86' lang='lat' dir='ltr'><strong>nimis</strong></span> <span class='ocrx_word' id='word_1_25' title='bbox 1192 816 1364 872; x_wconf 84' lang='lat' dir='ltr'><strong>acute</strong></span> <span class='ocrx_word' id='word_1_26' title='bbox 1408 806 1723 887; x_wconf 78' lang='lat' dir='ltr'><strong>viderunt,</strong></span> <span class='ocrx_word' id='word_1_27' title='bbox 1783 806 1882 889; x_wconf 88' lang='lat' dir='ltr'><strong>qui</strong></span> <span class='ocrx_word' id='word_1_28' title='bbox 1926 824 2291 868; x_wconf 89' lang='lat' dir='ltr'><strong>nummum</strong></span> <span class='ocrx_word' id='word_1_29' title='bbox 2337 820 2689 886; x_wconf 85' lang='lat' dir='ltr'><strong>asperum</strong></span> 
     </span>
     <span class='ocr_line' id='line_1_5' title="bbox 412 906 2691 995; baseline -0.004 -18"><span class='ocrx_word' id='word_1_30' title='bbox 412 933 625 977; x_wconf 90' lang='lat' dir='ltr'><strong>novum</strong></span> <span class='ocrx_word' id='word_1_31' title='bbox 670 932 870 995; x_wconf 88' lang='lat' dir='ltr'><strong>neque</strong></span> <span class='ocrx_word' id='word_1_32' title='bbox 930 933 1043 978; x_wconf 87' lang='lat' dir='ltr'><strong>usu</strong></span> <span class='ocrx_word' id='word_1_33' title='bbox 1105 914 1380 977; x_wconf 91' lang='lat' dir='ltr'><strong>detritum</strong></span> <span class='ocrx_word' id='word_1_34' title='bbox 1427 911 1875 976; x_wconf 86' lang='lat' dir='ltr'><strong>intellexerunt.</strong></span> <span class='ocrx_word' id='word_1_35' title='bbox 1933 911 2169 974; x_wconf 83' lang='lat' dir='ltr'><strong>Persius</strong></span> <span class='ocrx_word' id='word_1_36' title='bbox 2229 910 2422 973; x_wconf 89' lang='lat' dir='ltr'><strong>locum</strong></span> <span class='ocrx_word' id='word_1_37' title='bbox 2469 906 2691 971; x_wconf 75' lang='lat' dir='ltr'>Horatii</span> 
     </span>
    </p>
   </div>
   <div class='ocr_carea' id='block_1_4' title="bbox 413 1017 912 1100">
    <p class='ocr_par' dir='ltr' id='par_1_4' title="bbox 413 1017 912 1100">
     <span class='ocr_line' id='line_1_6' title="bbox 413 1017 912 1100; baseline 0.002 -19"><span class='ocrx_word' id='word_1_38' title='bbox 413 1022 556 1091; x_wconf 88' lang='lat' dir='ltr'><strong>(sat.</strong></span> <span class='ocrx_word' id='word_1_39' title='bbox 601 1019 647 1100; x_wconf 93' lang='lat' dir='ltr'><strong>l,</strong></span> <span class='ocrx_word' id='word_1_40' title='bbox 694 1019 752 1099; x_wconf 82' lang='lat'><strong>1,</strong></span> <span class='ocrx_word' id='word_1_41' title='bbox 799 1017 912 1095; x_wconf 83' lang='lat'><strong>⁷3)</strong></span> 
     </span>
    </p>
   </div>
   <div class='ocr_carea' id='block_1_5' title="bbox 752 1147 2275 1297">
    <p class='ocr_par' dir='ltr' id='par_1_5' title="bbox 752 1147 2275 1297">
     <span class='ocr_line' id='line_1_7' title="bbox 760 1147 2275 1222; baseline -0.006 -15"><span class='ocrx_word' id='word_1_42' title='bbox 760 1154 971 1220; x_wconf 83' lang='lat' dir='ltr'><strong>„Nescis</strong></span> <span class='ocrx_word' id='word_1_43' title='bbox 1009 1169 1111 1222; x_wconf 89' lang='lat' dir='ltr'><strong>quo</strong></span> <span class='ocrx_word' id='word_1_44' title='bbox 1146 1152 1316 1205; x_wconf 80' lang='lat' dir='ltr'><strong>valeat</strong></span> <span class='ocrx_word' id='word_1_45' title='bbox 1349 1168 1598 1218; x_wconf 79' lang='lat' dir='ltr'>nummus,</span> <span class='ocrx_word' id='word_1_46' title='bbox 1632 1167 1781 1220; x_wconf 87' lang='lat' dir='ltr'><strong>quem</strong></span> <span class='ocrx_word' id='word_1_47' title='bbox 1819 1149 2059 1218; x_wconf 85' lang='lat' dir='ltr'><strong>praebeat</strong></span> <span class='ocrx_word' id='word_1_48' title='bbox 2093 1147 2275 1204; x_wconf 63' lang='lat' dir='ltr'><strong>usum?</strong></span> 
     </span>
     <span class='ocr_line' id='line_1_8' title="bbox 752 1239 1331 1297; baseline -0.005 -4"><span class='ocrx_word' id='word_1_49' title='bbox 752 1241 907 1293; x_wconf 75' lang='lat' dir='ltr'><strong>&#39;Panis</strong></span> <span class='ocrx_word' id='word_1_50' title='bbox 944 1248 1138 1293; x_wconf 81' lang='lat' dir='ltr'><strong>ematur</strong></span> <span class='ocrx_word' id='word_1_51' title='bbox 1169 1278 1185 1297; x_wconf 85' lang='lat'><strong>.</strong></span> <span class='ocrx_word' id='word_1_52' title='bbox 1225 1279 1239 1294; x_wconf 92' lang='lat'><strong>.</strong></span> <span class='ocrx_word' id='word_1_53' title='bbox 1278 1239 1331 1297; x_wconf 86' lang='grc'><strong>.“</strong></span> 
     </span>
    </p>
   </div>
   <div class='ocr_carea' id='block_1_6' title="bbox 414 1354 2793 3743">
    <p class='ocr_par' dir='ltr' id='par_1_6' title="bbox 414 1354 2793 3743">
     <span class='ocr_line' id='line_1_9' title="bbox 417 1354 2698 1452; baseline -0.006 -23"><span class='ocrx_word' id='word_1_54' title='bbox 417 1375 551 1430; x_wconf 89' lang='lat' dir='ltr'><strong>ante</strong></span> <span class='ocrx_word' id='word_1_55' title='bbox 598 1366 805 1430; x_wconf 88' lang='lat' dir='ltr'><strong>oculos</strong></span> <span class='ocrx_word' id='word_1_56' title='bbox 862 1367 1140 1430; x_wconf 84' lang='lat' dir='ltr'><strong>habuisse</strong></span> <span class='ocrx_word' id='word_1_57' title='bbox 1187 1365 1444 1452; x_wconf 84' lang='lat' dir='ltr'><strong>videtur.</strong></span> <span class='ocrx_word' id='word_1_58' title='bbox 1496 1397 1565 1409; x_wconf 84' lang='lat'><strong>-—</strong></span> <span class='ocrx_word' id='word_1_59' title='bbox 1633 1363 1701 1425; x_wconf 89' lang='lat' dir='ltr'><strong>V.</strong></span> <span class='ocrx_word' id='word_1_60' title='bbox 1750 1360 1851 1424; x_wconf 82' lang='lat'><strong>78.</strong></span> <span class='ocrx_word' id='word_1_61' title='bbox 1898 1360 2098 1422; x_wconf 83' lang='lat' dir='ltr'><strong>Herm.</strong></span> <span class='ocrx_word' id='word_1_62' title='bbox 2144 1357 2455 1421; x_wconf 91' lang='lat' dir='ltr'><strong>lectionem</strong></span> <span class='ocrx_word' id='word_1_63' title='bbox 2501 1354 2698 1418; x_wconf 90' lang='lat' dir='ltr'><strong>omni-</strong></span> 
     </span>
     <span class='ocr_line' id='line_1_10' title="bbox 418 1462 2696 1550; baseline -0.007 -17"><span class='ocrx_word' id='word_1_64' title='bbox 418 1471 530 1535; x_wconf 91' lang='lat' dir='ltr'><strong>bus</strong></span> <span class='ocrx_word' id='word_1_65' title='bbox 575 1471 704 1534; x_wconf 82' lang='lat' dir='ltr'><strong>fere</strong></span> <span class='ocrx_word' id='word_1_66' title='bbox 750 1470 922 1535; x_wconf 89' lang='lat' dir='ltr'>codd.</span> <span class='ocrx_word' id='word_1_67' title='bbox 969 1471 1246 1534; x_wconf 85' lang='lat' dir='ltr'><strong>firmatam</strong></span> <span class='ocrx_word' id='word_1_68' title='bbox 1294 1478 1354 1533; x_wconf 93' lang='lat' dir='ltr'><strong>et</strong></span> <span class='ocrx_word' id='word_1_69' title='bbox 1399 1488 1431 1532; x_wconf 91' lang='lat' dir='ltr'><strong>a</strong></span> <span class='ocrx_word' id='word_1_70' title='bbox 1479 1468 1780 1550; x_wconf 86' lang='lat' dir='ltr'><strong>plerisque</strong></span> <span class='ocrx_word' id='word_1_71' title='bbox 1839 1462 2169 1527; x_wconf 76' lang='lat' dir='ltr'><strong>editoribus</strong></span> <span class='ocrx_word' id='word_1_72' title='bbox 2214 1462 2468 1542; x_wconf 89' lang='lat' dir='ltr'><strong>ipsoque</strong></span> <span class='ocrx_word' id='word_1_73' title='bbox 2523 1465 2696 1520; x_wconf 84' lang='lat' dir='ltr'><strong>antea</strong></span> 
     </span>
     <span class='ocr_line' id='line_1_11' title="bbox 416 1561 2697 1659; baseline -0.006 -20"><span class='ocrx_word' id='word_1_74' title='bbox 416 1576 625 1639; x_wconf 87' lang='lat' dir='ltr'><strong>Jahnio</strong></span> <span class='ocrx_word' id='word_1_75' title='bbox 695 1576 998 1659; x_wconf 89' lang='lat' dir='ltr'><strong>probatam</strong></span> <span class='ocrx_word' id='word_1_76' title='bbox 1070 1574 1291 1655; x_wconf 88' lang='lat' dir='ltr'><strong>„Quod</strong></span> <span class='ocrx_word' id='word_1_77' title='bbox 1350 1574 1490 1636; x_wconf 83' lang='lat' dir='ltr'><strong>satis</strong></span> <span class='ocrx_word' id='word_1_78' title='bbox 1562 1579 1659 1634; x_wconf 91' lang='lat' dir='ltr'><strong>est</strong></span> <span class='ocrx_word' id='word_1_79' title='bbox 1734 1570 1902 1650; x_wconf 90' lang='lat' dir='ltr'><strong>sapio</strong></span> <span class='ocrx_word' id='word_1_80' title='bbox 1964 1564 2144 1630; x_wconf 84' lang='lat' dir='ltr'><strong>mihi“</strong></span> <span class='ocrx_word' id='word_1_81' title='bbox 2207 1567 2346 1648; x_wconf 87' lang='lat' dir='ltr'><strong>jure</strong></span> <span class='ocrx_word' id='word_1_82' title='bbox 2410 1561 2697 1626; x_wconf 82' lang='lat' dir='ltr'><strong>servavit.</strong></span> 
     </span>
     <span class='ocr_line' id='line_1_12' title="bbox 421 1665 2698 1759; baseline -0.007 -17"><span class='ocrx_word' id='word_1_83' title='bbox 421 1679 593 1754; x_wconf 84' lang='lat' dir='ltr'><strong>Quod</strong></span> <span class='ocrx_word' id='word_1_84' title='bbox 640 1681 921 1759; x_wconf 91' lang='lat' dir='ltr'><strong>nonnulli,</strong></span> <span class='ocrx_word' id='word_1_85' title='bbox 965 1699 1159 1742; x_wconf 89' lang='lat' dir='ltr'><strong>rerum</strong></span> <span class='ocrx_word' id='word_1_86' title='bbox 1216 1696 1499 1740; x_wconf 84' lang='lat' dir='ltr'><strong>novarum</strong></span> <span class='ocrx_word' id='word_1_87' title='bbox 1547 1674 1762 1756; x_wconf 87' lang='lat' dir='ltr'><strong>cupidi,</strong></span> <span class='ocrx_word' id='word_1_88' title='bbox 1809 1671 2215 1754; x_wconf 87' lang='lat' dir='ltr'><strong>praetulerunt</strong></span> <span class='ocrx_word' id='word_1_89' title='bbox 2259 1666 2481 1749; x_wconf 87' lang='lat' dir='ltr'><strong>„Quod</strong></span> <span class='ocrx_word' id='word_1_90' title='bbox 2526 1665 2698 1749; x_wconf 90' lang='lat' dir='ltr'><strong>sapio</strong></span> 
     </span>
     <span class='ocr_line' id='line_1_13' title="bbox 414 1769 2699 1864; baseline -0.007 -18"><span class='ocrx_word' id='word_1_91' title='bbox 414 1786 564 1848; x_wconf 85' lang='lat' dir='ltr'><strong>satis</strong></span> <span class='ocrx_word' id='word_1_92' title='bbox 624 1793 718 1848; x_wconf 92' lang='lat' dir='ltr'><strong>est</strong></span> <span class='ocrx_word' id='word_1_93' title='bbox 775 1781 983 1864; x_wconf 86' lang='lat' dir='ltr'><strong>mihi,“</strong></span> <span class='ocrx_word' id='word_1_94' title='bbox 1030 1785 1164 1846; x_wconf 89' lang='lat' dir='ltr'><strong>mihi</strong></span> <span class='ocrx_word' id='word_1_95' title='bbox 1211 1801 1344 1846; x_wconf 88' lang='lat' dir='ltr'><strong>cum</strong></span> <span class='ocrx_word' id='word_1_96' title='bbox 1393 1782 1592 1844; x_wconf 84' lang='lat' dir='ltr'><strong>Herm.</strong></span> <span class='ocrx_word' id='word_1_97' title='bbox 1654 1779 1842 1862; x_wconf 89' lang='lat' dir='ltr'><strong>magis</strong></span> <span class='ocrx_word' id='word_1_98' title='bbox 1905 1775 2270 1859; x_wconf 84' lang='lat' dir='ltr'><strong>philosophi,</strong></span> <span class='ocrx_word' id='word_1_99' title='bbox 2336 1790 2543 1854; x_wconf 89' lang='lat' dir='ltr'><strong>quam,</strong></span> <span class='ocrx_word' id='word_1_100' title='bbox 2598 1769 2699 1850; x_wconf 88' lang='lat' dir='ltr'><strong>qui</strong></span> 
     </span>
     <span class='ocr_line' id='line_1_14' title="bbox 424 1872 2699 1971; baseline -0.008 -19"><span class='ocrx_word' id='word_1_101' title='bbox 424 1906 656 1952; x_wconf 89' lang='lat' dir='ltr'><strong>omnem</strong></span> <span class='ocrx_word' id='word_1_102' title='bbox 704 1889 1128 1971; x_wconf 82' lang='lat' dir='ltr'><strong>philosophiam</strong></span> <span class='ocrx_word' id='word_1_103' title='bbox 1173 1887 1346 1964; x_wconf 89' lang='lat' dir='ltr'><strong>ridet,</strong></span> <span class='ocrx_word' id='word_1_104' title='bbox 1392 1884 1752 1948; x_wconf 71' lang='lat' dir='ltr'><strong>centurionis</strong></span> <span class='ocrx_word' id='word_1_105' title='bbox 1788 1899 1927 1945; x_wconf 88' lang='lat' dir='ltr'><strong>esse</strong></span> <span class='ocrx_word' id='word_1_106' title='bbox 1962 1879 2212 1942; x_wconf 89' lang='lat' dir='ltr'><strong>videtur.</strong></span> <span class='ocrx_word' id='word_1_107' title='bbox 2260 1873 2408 1938; x_wconf 87' lang='lat' dir='ltr'><strong>lllud</strong></span> <span class='ocrx_word' id='word_1_108' title='bbox 2455 1872 2699 1954; x_wconf 89' lang='lat' dir='ltr'><strong>„quod</strong></span> 
     </span>
     <span class='ocr_line' id='line_1_15' title="bbox 425 1978 2704 2067; baseline -0.009 -10"><span class='ocrx_word' id='word_1_109' title='bbox 425 1995 626 2057; x_wconf 86' lang='lat' dir='ltr'><strong>satis</strong></span> <span class='ocrx_word' id='word_1_110' title='bbox 673 1991 835 2056; x_wconf 84' lang='lat' dir='ltr'><strong>est“</strong></span> <span class='ocrx_word' id='word_1_111' title='bbox 881 1995 1052 2056; x_wconf 89' lang='lat' dir='ltr'><strong>etiam</strong></span> <span class='ocrx_word' id='word_1_112' title='bbox 1098 1992 1322 2056; x_wconf 80' lang='lat' dir='ltr'><strong>Horatii</strong></span> <span class='ocrx_word' id='word_1_113' title='bbox 1368 1990 1540 2067; x_wconf 83' lang='lat' dir='ltr'><strong>locis,</strong></span> <span class='ocrx_word' id='word_1_114' title='bbox 1585 2005 1764 2052; x_wconf 91' lang='lat' dir='ltr'><strong>carm.</strong></span> <span class='ocrx_word' id='word_1_115' title='bbox 1813 1985 1907 2064; x_wconf 89' lang='lat' dir='ltr'><strong>lll,</strong></span> <span class='ocrx_word' id='word_1_116' title='bbox 1959 1983 2013 2063; x_wconf 87' lang='lat'><strong>1,</strong></span> <span class='ocrx_word' id='word_1_117' title='bbox 2059 1985 2143 2048; x_wconf 88' lang='grc'><strong>25</strong></span> <span class='ocrx_word' id='word_1_118' title='bbox 2188 1978 2704 2061; x_wconf 89' lang='lat' dir='ltr'><strong>„Desiderantem,</strong></span> 
     </span>
     <span class='ocr_line' id='line_1_16' title="bbox 425 2078 2793 2178; baseline -0.008 -18"><span class='ocrx_word' id='word_1_119' title='bbox 425 2098 582 2178; x_wconf 88' lang='lat' dir='ltr'><strong>quod</strong></span> <span class='ocrx_word' id='word_1_120' title='bbox 628 2098 770 2161; x_wconf 89' lang='lat' dir='ltr'><strong>satis</strong></span> <span class='ocrx_word' id='word_1_121' title='bbox 817 2105 910 2160; x_wconf 91' lang='lat' dir='ltr'><strong>est</strong></span> <span class='ocrx_word' id='word_1_122' title='bbox 955 2143 970 2161; x_wconf 94' lang='lat'><strong>.</strong></span> <span class='ocrx_word' id='word_1_123' title='bbox 1017 2141 1035 2161; x_wconf 97' lang='lat'><strong>.</strong></span> <span class='ocrx_word' id='word_1_124' title='bbox 1082 2096 1141 2158; x_wconf 88' lang='lat'><strong>.“</strong></span> <span class='ocrx_word' id='word_1_125' title='bbox 1186 2095 1295 2178; x_wconf 88' lang='lat' dir='ltr'><strong>lll,</strong></span> <span class='ocrx_word' id='word_1_126' title='bbox 1346 2094 1452 2167; x_wconf 90' lang='grc'><strong>16,</strong></span> <span class='ocrx_word' id='word_1_127' title='bbox 1511 2094 1593 2156; x_wconf 76' lang='lat'><strong>44</strong></span> <span class='ocrx_word' id='word_1_128' title='bbox 1640 2093 1866 2172; x_wconf 90' lang='lat' dir='ltr'><strong>„Parca</strong></span> <span class='ocrx_word' id='word_1_129' title='bbox 1914 2087 2075 2170; x_wconf 90' lang='lat' dir='ltr'><strong>quod</strong></span> <span class='ocrx_word' id='word_1_130' title='bbox 2135 2088 2279 2150; x_wconf 86' lang='lat' dir='ltr'><strong>satis</strong></span> <span class='ocrx_word' id='word_1_131' title='bbox 2327 2092 2422 2147; x_wconf 90' lang='lat' dir='ltr'><strong>est</strong></span> <span class='ocrx_word' id='word_1_132' title='bbox 2487 2078 2705 2144; x_wconf 90' lang='lat' dir='ltr'><strong>manu“</strong></span> <span class='ocrx_word' id='word_1_133' title='bbox 2790 2093 2793 2096; x_wconf 79' lang='grc'><strong>’</strong></span> 
     </span>
     <span class='ocr_line' id='line_1_17' title="bbox 426 2187 2703 2282; baseline -0.008 -17"><span class='ocrx_word' id='word_1_134' title='bbox 426 2219 560 2282; x_wconf 88' lang='lat' dir='ltr'><strong>epp.</strong></span> <span class='ocrx_word' id='word_1_135' title='bbox 607 2200 685 2279; x_wconf 90' lang='lat' dir='ltr'><strong>ll,</strong></span> <span class='ocrx_word' id='word_1_136' title='bbox 717 2198 790 2279; x_wconf 87' lang='lat'><strong>2,</strong></span> <span class='ocrx_word' id='word_1_137' title='bbox 831 2198 914 2265; x_wconf 83' lang='lat'><strong>52</strong></span> <span class='ocrx_word' id='word_1_138' title='bbox 959 2202 1112 2280; x_wconf 90' lang='lat' dir='ltr'><strong>„sed</strong></span> <span class='ocrx_word' id='word_1_139' title='bbox 1159 2199 1319 2282; x_wconf 88' lang='lat' dir='ltr'><strong>quod</strong></span> <span class='ocrx_word' id='word_1_140' title='bbox 1373 2218 1490 2261; x_wconf 89' lang='lat' dir='ltr'><strong>non</strong></span> <span class='ocrx_word' id='word_1_141' title='bbox 1537 2196 1694 2259; x_wconf 86' lang='lat' dir='ltr'><strong>desit</strong></span> <span class='ocrx_word' id='word_1_142' title='bbox 1737 2195 2052 2258; x_wconf 80' lang='lat' dir='ltr'><strong>habentem</strong></span> <span class='ocrx_word' id='word_1_143' title='bbox 2099 2239 2113 2256; x_wconf 96' lang='lat'><strong>.</strong></span> <span class='ocrx_word' id='word_1_144' title='bbox 2160 2239 2175 2257; x_wconf 98' lang='lat'><strong>.</strong></span> <span class='ocrx_word' id='word_1_145' title='bbox 2223 2187 2283 2249; x_wconf 86' lang='lat'><strong>.“</strong></span> <span class='ocrx_word' id='word_1_146' title='bbox 2328 2195 2391 2252; x_wconf 93' lang='lat' dir='ltr'><strong>et</strong></span> <span class='ocrx_word' id='word_1_147' title='bbox 2434 2187 2703 2249; x_wconf 85' lang='lat' dir='ltr'><strong>Juvena-</strong></span> 
     </span>
     <span class='ocr_line' id='line_1_18' title="bbox 424 2288 2704 2385; baseline -0.008 -18"><span class='ocrx_word' id='word_1_148' title='bbox 424 2305 498 2370; x_wconf 86' lang='lat' dir='ltr'><strong>lis</strong></span> <span class='ocrx_word' id='word_1_149' title='bbox 543 2305 693 2384; x_wconf 83' lang='lat' dir='ltr'><strong>XIV,</strong></span> <span class='ocrx_word' id='word_1_150' title='bbox 744 2305 863 2369; x_wconf 83' lang='lat'><strong>182</strong></span> <span class='ocrx_word' id='word_1_151' title='bbox 908 2306 1067 2385; x_wconf 88' lang='lat' dir='ltr'><strong>„Qui</strong></span> <span class='ocrx_word' id='word_1_152' title='bbox 1100 2307 1245 2369; x_wconf 85' lang='lat' dir='ltr'><strong>satis</strong></span> <span class='ocrx_word' id='word_1_153' title='bbox 1273 2310 1366 2367; x_wconf 90' lang='lat' dir='ltr'><strong>est</strong></span> <span class='ocrx_word' id='word_1_154' title='bbox 1397 2299 1658 2365; x_wconf 90' lang='lat' dir='ltr'><strong>mensis“</strong></span> <span class='ocrx_word' id='word_1_155' title='bbox 1705 2298 2063 2362; x_wconf 88' lang='lat' dir='ltr'><strong>defenditur.</strong></span> <span class='ocrx_word' id='word_1_156' title='bbox 2114 2328 2188 2338; x_wconf 91' lang='lat'><em>-</em></span> <span class='ocrx_word' id='word_1_157' title='bbox 2242 2294 2315 2357; x_wconf 91' lang='lat' dir='ltr'><strong>V.</strong></span> <span class='ocrx_word' id='word_1_158' title='bbox 2358 2291 2465 2354; x_wconf 85' lang='lat'><strong>83.</strong></span> <span class='ocrx_word' id='word_1_159' title='bbox 2509 2288 2704 2351; x_wconf 84' lang='lat' dir='ltr'><strong>Verba</strong></span> 
     </span>
     <span class='ocr_line' id='line_1_19' title="bbox 431 2391 2705 2493; baseline -0.008 -21"><span class='ocrx_word' id='word_1_160' title='bbox 431 2411 749 2493; x_wconf 79' lang='lat' dir='ltr'><strong>aegroti</strong></span> <span class='ocrx_word' id='word_1_161' title='bbox 808 2410 1114 2472; x_wconf 83' lang='lat' dir='ltr'><strong>veteris</strong></span> <span class='ocrx_word' id='word_1_162' title='bbox 1159 2409 1332 2471; x_wconf 88' lang='lat' dir='ltr'><strong>Jahn.</strong></span> <span class='ocrx_word' id='word_1_163' title='bbox 1395 2424 1513 2470; x_wconf 90' lang='lat' dir='ltr'><strong>non</strong></span> <span class='ocrx_word' id='word_1_164' title='bbox 1572 2404 2223 2484; x_wconf 83' lang='lat' dir='ltr'><strong>recte·interpretatus</strong></span> <span class='ocrx_word' id='word_1_165' title='bbox 2284 2403 2377 2459; x_wconf 88' lang='lat' dir='ltr'><strong>est</strong></span> <span class='ocrx_word' id='word_1_166' title='bbox 2421 2394 2561 2475; x_wconf 89' lang='lat' dir='ltr'><strong>„qui</strong></span> <span class='ocrx_word' id='word_1_167' title='bbox 2608 2391 2705 2455; x_wconf 88' lang='lat' dir='ltr'><strong>diu</strong></span> 
     </span>
     <span class='ocr_line' id='line_1_20' title="bbox 430 2499 2709 2597; baseline -0.008 -20"><span class='ocrx_word' id='word_1_168' title='bbox 430 2512 845 2597; x_wconf 82' lang='lat' dir='ltr'><strong>aegrotavit“;·</strong></span> <span class='ocrx_word' id='word_1_169' title='bbox 889 2522 948 2577; x_wconf 92' lang='lat' dir='ltr'><strong>ut</strong></span> <span class='ocrx_word' id='word_1_170' title='bbox 994 2514 1035 2593; x_wconf 91' lang='lat' dir='ltr'><strong>l,</strong></span> <span class='ocrx_word' id='word_1_171' title='bbox 1083 2511 1208 2578; x_wconf 83' lang='lat'><strong>124</strong></span> <span class='ocrx_word' id='word_1_172' title='bbox 1247 2510 1678 2592; x_wconf 82' lang='lat' dir='ltr'><strong>Aristophanes</strong></span> <span class='ocrx_word' id='word_1_173' title='bbox 1723 2505 2064 2570; x_wconf 87' lang='lat' dir='ltr'><strong>verecunde</strong></span> <span class='ocrx_word' id='word_1_174' title='bbox 2115 2499 2550 2585; x_wconf 87' lang='lat' dir='ltr'><strong>„praegrandis</strong></span> <span class='ocrx_word' id='word_1_175' title='bbox 2597 2517 2709 2560; x_wconf 83' lang='lat' dir='ltr'><strong>se—</strong></span> 
     </span>
     <span class='ocr_line' id='line_1_21' title="bbox 429 2607 2710 2700; baseline -0.008 -18"><span class='ocrx_word' id='word_1_176' title='bbox 429 2616 626 2696; x_wconf 84' lang='lat' dir='ltr'><strong>nex,“</strong></span> <span class='ocrx_word' id='word_1_177' title='bbox 672 2620 748 2680; x_wconf 91' lang='lat' dir='ltr'><strong>ita</strong></span> <span class='ocrx_word' id='word_1_178' title='bbox 795 2617 888 2681; x_wconf 93' lang='lat' dir='ltr'><strong>hic</strong></span> <span class='ocrx_word' id='word_1_179' title='bbox 933 2617 1321 2700; x_wconf 90' lang='lat' dir='ltr'><strong>philosophus</strong></span> <span class='ocrx_word' id='word_1_180' title='bbox 1381 2622 1576 2678; x_wconf 89' lang='lat' dir='ltr'><strong>mente</strong></span> <span class='ocrx_word' id='word_1_181' title='bbox 1636 2632 1756 2676; x_wconf 89' lang='lat' dir='ltr'><strong>non</strong></span> <span class='ocrx_word' id='word_1_182' title='bbox 1816 2628 1998 2675; x_wconf 88' lang='lat' dir='ltr'><strong>sanus</strong></span> <span class='ocrx_word' id='word_1_183' title='bbox 2056 2607 2431 2688; x_wconf 83' lang='lat' dir='ltr'><strong>contemptim</strong></span> <span class='ocrx_word' id='word_1_184' title='bbox 2488 2614 2710 2682; x_wconf 84' lang='lat' dir='ltr'><strong>„vetus</strong></span> 
     </span>
     <span class='ocr_line' id='line_1_22' title="bbox 432 2711 2711 2806; baseline -0.007 -21"><span class='ocrx_word' id='word_1_185' title='bbox 432 2721 762 2805; x_wconf 78' lang='lat' dir='ltr'><strong>aegrotus“</strong></span> <span class='ocrx_word' id='word_1_186' title='bbox 807 2724 1157 2806; x_wconf 86' lang='lat' dir='ltr'><strong>appellatur.</strong></span> <span class='ocrx_word' id='word_1_187' title='bbox 1196 2754 1265 2765; x_wconf 91' lang='lat'><strong>·-—</strong></span> <span class='ocrx_word' id='word_1_188' title='bbox 1306 2721 1375 2784; x_wconf 89' lang='lat' dir='ltr'><strong>V.</strong></span> <span class='ocrx_word' id='word_1_189' title='bbox 1414 2719 1520 2784; x_wconf 89' lang='lat'><strong>93.</strong></span> <span class='ocrx_word' id='word_1_190' title='bbox 1552 2718 1748 2793; x_wconf 87' lang='lat' dir='ltr'><strong>Quum</strong></span> <span class='ocrx_word' id='word_1_191' title='bbox 1791 2723 2019 2795; x_wconf 90' lang='lat' dir='ltr'><strong>tempus</strong></span> <span class='ocrx_word' id='word_1_192' title='bbox 2053 2713 2311 2775; x_wconf 88' lang='lat' dir='ltr'><strong>futurum</strong></span> <span class='ocrx_word' id='word_1_193' title='bbox 2359 2711 2414 2772; x_wconf 92' lang='lat' dir='ltr'><strong>in</strong></span> <span class='ocrx_word' id='word_1_194' title='bbox 2460 2715 2711 2771; x_wconf 88' lang='lat' dir='ltr'><strong>senten-</strong></span> 
     </span>
     <span class='ocr_line' id='line_1_23' title="bbox 433 2811 2710 2908; baseline -0.008 -18"><span class='ocrx_word' id='word_1_195' title='bbox 433 2827 528 2890; x_wconf 89' lang='lat' dir='ltr'><strong>tiis</strong></span> <span class='ocrx_word' id='word_1_196' title='bbox 567 2828 934 2908; x_wconf 86' lang='lat' dir='ltr'><strong>potissimum</strong></span> <span class='ocrx_word' id='word_1_197' title='bbox 966 2826 1315 2890; x_wconf 90' lang='lat' dir='ltr'><strong>adhibeatur</strong></span> <span class='ocrx_word' id='word_1_198' title='bbox 1347 2825 1625 2904; x_wconf 81' lang='lat' dir='ltr'><strong>idemque</strong></span> <span class='ocrx_word' id='word_1_199' title='bbox 1657 2821 1976 2902; x_wconf 89' lang='lat' dir='ltr'><strong>repetitum</strong></span> <span class='ocrx_word' id='word_1_200' title='bbox 2017 2814 2309 2898; x_wconf 81' lang='lat' dir='ltr'><strong>significet</strong></span> <span class='ocrx_word' id='word_1_201' title='bbox 2353 2811 2457 2890; x_wconf 86' lang='lat' dir='ltr'><strong>(ll,</strong></span> <span class='ocrx_word' id='word_1_202' title='bbox 2487 2813 2525 2874; x_wconf 89' lang='grc'>5</span> <span class='ocrx_word' id='word_1_203' title='bbox 2556 2812 2710 2873; x_wconf 83' lang='lat' dir='ltr'><strong>liba-</strong></span> 
     </span>
     <span class='ocr_line' id='line_1_24' title="bbox 434 2914 2715 3011; baseline -0.007 -16"><span class='ocrx_word' id='word_1_204' title='bbox 434 2932 517 2995; x_wconf 89' lang='lat' dir='ltr'><strong>bit</strong></span> <span class='ocrx_word' id='word_1_205' title='bbox 550 2931 623 3011; x_wconf 90' lang='lat' dir='ltr'><strong>V,</strong></span> <span class='ocrx_word' id='word_1_206' title='bbox 655 2933 736 2994; x_wconf 82' lang='lat'><strong>97</strong></span> <span class='ocrx_word' id='word_1_207' title='bbox 771 2931 1056 3011; x_wconf 80' lang='lat' dir='ltr'><strong>vitiabit),</strong></span> <span class='ocrx_word' id='word_1_208' title='bbox 1095 2932 1298 2995; x_wconf 88' lang='lat' dir='ltr'><strong>Herm.</strong></span> <span class='ocrx_word' id='word_1_209' title='bbox 1344 2929 1460 3008; x_wconf 90' lang='lat' dir='ltr'><strong>hic,</strong></span> <span class='ocrx_word' id='word_1_210' title='bbox 1509 2927 1605 2989; x_wconf 90' lang='lat' dir='ltr'><strong>ubi</strong></span> <span class='ocrx_word' id='word_1_211' title='bbox 1640 2924 1838 2990; x_wconf 83' lang='lat' dir='ltr'><strong>fabula</strong></span> <span class='ocrx_word' id='word_1_212' title='bbox 1871 2928 2167 2997; x_wconf 86' lang='lat' dir='ltr'><strong>narratur,</strong></span> <span class='ocrx_word' id='word_1_213' title='bbox 2213 2916 2363 2979; x_wconf 87' lang='lat' dir='ltr'><strong>male</strong></span> <span class='ocrx_word' id='word_1_214' title='bbox 2407 2914 2715 2999; x_wconf 87' lang='lat' dir='ltr'><strong>rogabit</strong></span> 
     </span>
     <span class='ocr_line' id='line_1_25' title="bbox 438 3018 2716 3120; baseline -0.009 -20"><span class='ocrx_word' id='word_1_215' title='bbox 438 3053 549 3117; x_wconf 88' lang='lat' dir='ltr'><strong>pro</strong></span> <span class='ocrx_word' id='word_1_216' title='bbox 594 3037 898 3120; x_wconf 84' lang='lat' dir='ltr'><strong>rogavit</strong></span> <span class='ocrx_word' id='word_1_217' title='bbox 939 3036 1200 3116; x_wconf 86' lang='lat' dir='ltr'><strong>scripsit,</strong></span> <span class='ocrx_word' id='word_1_218' title='bbox 1245 3033 1401 3116; x_wconf 90' lang='lat' dir='ltr'><strong>quod</strong></span> <span class='ocrx_word' id='word_1_219' title='bbox 1440 3039 1604 3096; x_wconf 89' lang='lat' dir='ltr'><strong>certe</strong></span> <span class='ocrx_word' id='word_1_220' title='bbox 1637 3048 1755 3092; x_wconf 90' lang='lat' dir='ltr'><strong>non</strong></span> <span class='ocrx_word' id='word_1_221' title='bbox 1793 3028 2060 3102; x_wconf 81' lang='lat' dir='ltr'><strong>fecisset,</strong></span> <span class='ocrx_word' id='word_1_222' title='bbox 2105 3024 2217 3086; x_wconf 83' lang='lat' dir='ltr'><strong>nisi</strong></span> <span class='ocrx_word' id='word_1_223' title='bbox 2263 3020 2407 3084; x_wconf 91' lang='lat' dir='ltr'><strong>illud</strong></span> <span class='ocrx_word' id='word_1_224' title='bbox 2454 3021 2511 3082; x_wconf 91' lang='lat' dir='ltr'><strong>in</strong></span> <span class='ocrx_word' id='word_1_225' title='bbox 2559 3018 2716 3080; x_wconf 90' lang='lat' dir='ltr'><strong>mul-</strong></span> 
     </span>
     <span class='ocr_line' id='line_1_26' title="bbox 437 3125 2713 3224; baseline -0.01 -20"><span class='ocrx_word' id='word_1_226' title='bbox 437 3143 511 3204; x_wconf 90' lang='lat' dir='ltr'><strong>tis</strong></span> <span class='ocrx_word' id='word_1_227' title='bbox 558 3141 734 3204; x_wconf 90' lang='lat' dir='ltr'><strong>codd.</strong></span> <span class='ocrx_word' id='word_1_228' title='bbox 781 3141 1104 3224; x_wconf 88' lang='lat' dir='ltr'><strong>legeretur.</strong></span> <span class='ocrx_word' id='word_1_229' title='bbox 1157 3173 1233 3182; x_wconf 94' lang='lat'>—</span> <span class='ocrx_word' id='word_1_230' title='bbox 1283 3137 1354 3201; x_wconf 90' lang='lat' dir='ltr'><strong>V.</strong></span> <span class='ocrx_word' id='word_1_231' title='bbox 1405 3132 1549 3200; x_wconf 90' lang='lat'><strong>100.</strong></span> <span class='ocrx_word' id='word_1_232' title='bbox 1597 3134 1853 3198; x_wconf 90' lang='lat' dir='ltr'><strong>Gravius</strong></span> <span class='ocrx_word' id='word_1_233' title='bbox 1901 3137 2095 3207; x_wconf 90' lang='lat' dir='ltr'><strong>sonat,</strong></span> <span class='ocrx_word' id='word_1_234' title='bbox 2141 3125 2495 3209; x_wconf 87' lang='lat' dir='ltr'><strong>praesertim</strong></span> <span class='ocrx_word' id='word_1_235' title='bbox 2534 3141 2713 3203; x_wconf 84' lang='lat' dir='ltr'><strong>quum</strong></span> 
     </span>
     <span class='ocr_line' id='line_1_27' title="bbox 437 3233 2718 3323; baseline -0.008 -16"><span class='ocrx_word' id='word_1_236' title='bbox 437 3265 680 3309; x_wconf 89' lang='lat' dir='ltr'><strong>versum</strong></span> <span class='ocrx_word' id='word_1_237' title='bbox 727 3244 1075 3323; x_wconf 87' lang='lat' dir='ltr'><strong>concludat,</strong></span> <span class='ocrx_word' id='word_1_238' title='bbox 1119 3263 1178 3306; x_wconf 82' lang='lat' dir='ltr'><strong>v.</strong></span> <span class='ocrx_word' id='word_1_239' title='bbox 1226 3240 1579 3306; x_wconf 90' lang='lat' dir='ltr'><strong>triental.</strong></span> <span class='ocrx_word' id='word_1_240' title='bbox 1643 3238 1857 3301; x_wconf 89' lang='lat' dir='ltr'><strong>Triens</strong></span> <span class='ocrx_word' id='word_1_241' title='bbox 1917 3233 2269 3316; x_wconf 89' lang='lat' dir='ltr'><strong>plerumque</strong></span> <span class='ocrx_word' id='word_1_242' title='bbox 2311 3246 2578 3291; x_wconf 82' lang='lat' dir='ltr'><strong>nummus</strong></span> <span class='ocrx_word' id='word_1_243' title='bbox 2624 3234 2718 3289; x_wconf 88' lang='lat' dir='ltr'><strong>cst</strong></span> 
     </span>
     <span class='ocr_line' id='line_1_28' title="bbox 439 3329 2716 3432; baseline -0.01 -20"><span class='ocrx_word' id='word_1_244' title='bbox 439 3350 846 3432; x_wconf 86' lang='lat' dir='ltr'><strong>(„quadrante</strong></span> <span class='ocrx_word' id='word_1_245' title='bbox 892 3347 1117 3412; x_wconf 84' lang='lat' dir='ltr'><strong>lavari“</strong></span> <span class='ocrx_word' id='word_1_246' title='bbox 1164 3349 1306 3411; x_wconf 92' lang='lat' dir='ltr'><strong>Hor.</strong></span> <span class='ocrx_word' id='word_1_247' title='bbox 1354 3354 1467 3410; x_wconf 87' lang='lat' dir='ltr'><strong>sat.</strong></span> <span class='ocrx_word' id='word_1_248' title='bbox 1513 3345 1556 3425; x_wconf 94' lang='lat' dir='ltr'><strong>l,</strong></span> <span class='ocrx_word' id='word_1_249' title='bbox 1601 3341 1663 3421; x_wconf 87' lang='lat'><strong>3,</strong></span> <span class='ocrx_word' id='word_1_250' title='bbox 1714 3338 1871 3416; x_wconf 83' lang='lat'><strong>137;</strong></span> <span class='ocrx_word' id='word_1_251' title='bbox 1930 3339 2068 3401; x_wconf 74' lang='lat' dir='ltr'><strong>JuV.</strong></span> <span class='ocrx_word' id='word_1_252' title='bbox 2118 3335 2211 3415; x_wconf 92' lang='lat' dir='ltr'><strong>Vl,</strong></span> <span class='ocrx_word' id='word_1_253' title='bbox 2257 3335 2442 3410; x_wconf 73' lang='lat'><strong>447),</strong></span> <span class='ocrx_word' id='word_1_254' title='bbox 2489 3329 2716 3394; x_wconf 87' lang='lat' dir='ltr'><strong>triental</strong></span> 
     </span>
     <span class='ocr_line' id='line_1_29' title="bbox 439 3435 2719 3539; baseline -0.011 -19"><span class='ocrx_word' id='word_1_255' title='bbox 439 3447 743 3539; x_wconf 86' lang='lat' dir='ltr'><strong>poculum,</strong></span> <span class='ocrx_word' id='word_1_256' title='bbox 790 3462 1044 3536; x_wconf 89' lang='lat' dir='ltr'><strong>quatuor</strong></span> <span class='ocrx_word' id='word_1_257' title='bbox 1089 3452 1337 3534; x_wconf 86' lang='lat' dir='ltr'><strong>cyathos</strong></span> <span class='ocrx_word' id='word_1_258' title='bbox 1390 3450 1655 3530; x_wconf 85' lang='lat' dir='ltr'><strong>capiens.</strong></span> <span class='ocrx_word' id='word_1_259' title='bbox 1703 3445 1982 3508; x_wconf 83' lang='lat' dir='ltr'><strong>Ceterum</strong></span> <span class='ocrx_word' id='word_1_260' title='bbox 2030 3442 2273 3503; x_wconf 85' lang='lat' dir='ltr'><strong>Persius</strong></span> <span class='ocrx_word' id='word_1_261' title='bbox 2308 3435 2533 3500; x_wconf 85' lang='lat' dir='ltr'><strong>Horatii</strong></span> <span class='ocrx_word' id='word_1_262' title='bbox 2580 3451 2719 3516; x_wconf 90' lang='lat' dir='ltr'><strong>epp.</strong></span> 
     </span>
     <span class='ocr_line' id='line_1_30' title="bbox 439 3540 2719 3639; baseline -0.01 -16"><span class='ocrx_word' id='word_1_263' title='bbox 439 3560 484 3639; x_wconf 90' lang='lat'><strong>1,</strong></span> <span class='ocrx_word' id='word_1_264' title='bbox 538 3561 636 3637; x_wconf 83' lang='lat'><strong>16,</strong></span> <span class='ocrx_word' id='word_1_265' title='bbox 682 3560 801 3624; x_wconf 83' lang='lat'><strong>22:</strong></span> <span class='ocrx_word' id='word_1_266' title='bbox 848 3558 1020 3638; x_wconf 90' lang='lat' dir='ltr'><strong>„Neu</strong></span> <span class='ocrx_word' id='word_1_267' title='bbox 1069 3600 1085 3619; x_wconf 95' lang='lat'><strong>.</strong></span> <span class='ocrx_word' id='word_1_268' title='bbox 1133 3601 1149 3620; x_wconf 96' lang='lat'><strong>.</strong></span> <span class='ocrx_word' id='word_1_269' title='bbox 1198 3603 1211 3617; x_wconf 95' lang='lat'><strong>.</strong></span> <span class='ocrx_word' id='word_1_270' title='bbox 1258 3553 1544 3618; x_wconf 88' lang='lat' dir='ltr'><strong>occultam</strong></span> <span class='ocrx_word' id='word_1_271' title='bbox 1603 3551 1830 3614; x_wconf 81' lang='lat' dir='ltr'><strong>febrem</strong></span> <span class='ocrx_word' id='word_1_272' title='bbox 1878 3547 1988 3611; x_wconf 88' lang='lat' dir='ltr'><strong>sub</strong></span> <span class='ocrx_word' id='word_1_273' title='bbox 2036 3555 2269 3625; x_wconf 89' lang='lat' dir='ltr'><strong>tempus</strong></span> <span class='ocrx_word' id='word_1_274' title='bbox 2316 3540 2531 3605; x_wconf 87' lang='lat' dir='ltr'><strong>edendi</strong></span> <span class='ocrx_word' id='word_1_275' title='bbox 2578 3540 2719 3601; x_wconf 89' lang='lat' dir='ltr'><strong>Dis·</strong></span> 
     </span>
     <span class='ocr_line' id='line_1_31' title="bbox 442 3643 2720 3743; baseline -0.011 -14"><span class='ocrx_word' id='word_1_276' title='bbox 442 3665 720 3743; x_wconf 77' lang='lat' dir='ltr'><strong>simuleS,</strong></span> <span class='ocrx_word' id='word_1_277' title='bbox 790 3663 982 3725; x_wconf 88' lang='lat' dir='ltr'><strong>donec</strong></span> <span class='ocrx_word' id='word_1_278' title='bbox 1040 3645 1306 3725; x_wconf 82' lang='lat' dir='ltr'><strong>inanibus</strong></span> <span class='ocrx_word' id='word_1_279' title='bbox 1365 3668 1587 3721; x_wconf 92' lang='lat' dir='ltr'><strong>tremor</strong></span> <span class='ocrx_word' id='word_1_280' title='bbox 1644 3655 1860 3717; x_wconf 83' lang='lat' dir='ltr'><strong>incidat</strong></span> <span class='ocrx_word' id='word_1_281' title='bbox 1922 3648 2192 3728; x_wconf 80' lang='lat' dir='ltr'><strong>unctiS,“</strong></span> <span class='ocrx_word' id='word_1_282' title='bbox 2252 3647 2504 3709; x_wconf 87' lang='lat' dir='ltr'><strong>fortasse</strong></span> <span class='ocrx_word' id='word_1_283' title='bbox 2549 3643 2720 3707; x_wconf 87' lang='lat' dir='ltr'><strong>etiam</strong></span> 
     </span>
    </p>
   </div>
   <div class='ocr_carea' id='block_1_7' title="bbox 442 3765 1247 3851">
    <p class='ocr_par' dir='ltr' id='par_1_7' title="bbox 442 3765 1247 3851">
     <span class='ocr_line' id='line_1_32' title="bbox 442 3765 1247 3851; baseline -0.007 -16"><span class='ocrx_word' id='word_1_284' title='bbox 442 3770 649 3835; x_wconf 89' lang='lat' dir='ltr'><strong>Lucilii</strong></span> <span class='ocrx_word' id='word_1_285' title='bbox 696 3768 812 3851; x_wconf 86' lang='lat' dir='ltr'><strong>srg.</strong></span> <span class='ocrx_word' id='word_1_286' title='bbox 858 3765 1084 3842; x_wconf 85' lang='lat' dir='ltr'><strong>XXVI,</strong></span> <span class='ocrx_word' id='word_1_287' title='bbox 1135 3766 1247 3830; x_wconf 81' lang='lat'><strong>12:</strong></span> 
     </span>
    </p>
   </div>
   <div class='ocr_carea' id='block_1_8' title="bbox 768 3866 2284 4059">
    <p class='ocr_par' dir='ltr' id='par_1_8' title="bbox 768 3866 2284 4059">
     <span class='ocr_line' id='line_1_33' title="bbox 768 3866 2284 3971; baseline -0.015 -12"><span class='ocrx_word' id='word_1_288' title='bbox 768 3943 775 3949; x_wconf 89' lang='lat'>-</span> <span class='ocrx_word' id='word_1_289' title='bbox 849 3902 1096 3968; x_wconf 79' lang='lat' dir='ltr'><strong>„Audivi.</strong></span> <span class='ocrx_word' id='word_1_290' title='bbox 1145 3916 1298 3971; x_wconf 87' lang='lat' dir='ltr'><strong>quem</strong></span> <span class='ocrx_word' id='word_1_291' title='bbox 1345 3898 1500 3951; x_wconf 79' lang='lat' dir='ltr'><strong>febris</strong></span> <span class='ocrx_word' id='word_1_292' title='bbox 1547 3913 1645 3948; x_wconf 89' lang='lat' dir='ltr'><strong>una</strong></span> <span class='ocrx_word' id='word_1_293' title='bbox 1684 3904 1833 3964; x_wconf 85' lang='lat' dir='ltr'><strong>atque</strong></span> <span class='ocrx_word' id='word_1_294' title='bbox 1869 3909 1965 3945; x_wconf 88' lang='lat' dir='ltr'><strong>una</strong></span> <span class='ocrx_word' id='word_1_295' title='bbox 2004 3866 2284 3962; x_wconf 60' lang='grc' dir='ltr'><em>ἀπεψία,</em></span> 
     </span>
     <span class='ocr_line' id='line_1_34' title="bbox 857 3980 2039 4059; baseline -0.011 -16"><span class='ocrx_word' id='word_1_296' title='bbox 857 3990 970 4044; x_wconf 83' lang='lat' dir='ltr'><strong>vini</strong></span> <span class='ocrx_word' id='word_1_297' title='bbox 1006 3991 1210 4059; x_wconf 85' lang='lat' dir='ltr'><strong>inquam</strong></span> <span class='ocrx_word' id='word_1_298' title='bbox 1246 3988 1407 4040; x_wconf 90' lang='lat' dir='ltr'><strong>hiatus</strong></span> <span class='ocrx_word' id='word_1_299' title='bbox 1445 3988 1626 4054; x_wconf 85' lang='lat' dir='ltr'><strong>poterit</strong></span> <span class='ocrx_word' id='word_1_300' title='bbox 1660 4001 1787 4036; x_wconf 86' lang='lat' dir='ltr'><strong>unus</strong></span> <span class='ocrx_word' id='word_1_301' title='bbox 1824 3980 2039 4034; x_wconf 85' lang='lat' dir='ltr'><strong>tollere“</strong></span> 
     </span>
    </p>
   </div>
   <div class='ocr_carea' id='block_1_9' title="bbox 446 4097 2730 4304">
    <p class='ocr_par' dir='ltr' id='par_1_9' title="bbox 446 4097 2730 4304">
     <span class='ocr_line' id='line_1_35' title="bbox 446 4097 2728 4193; baseline -0.012 -12"><span class='ocrx_word' id='word_1_302' title='bbox 446 4118 724 4181; x_wconf 89' lang='lat' dir='ltr'><strong>meminit.</strong></span> <span class='ocrx_word' id='word_1_303' title='bbox 761 4150 836 4159; x_wconf 92' lang='lat'><strong>--</strong></span> <span class='ocrx_word' id='word_1_304' title='bbox 867 4116 935 4178; x_wconf 92' lang='lat' dir='ltr'><strong>V.</strong></span> <span class='ocrx_word' id='word_1_305' title='bbox 982 4111 1108 4176; x_wconf 82' lang='lat'><strong>108</strong></span> <span class='ocrx_word' id='word_1_306' title='bbox 1141 4120 1322 4174; x_wconf 87' lang='lat' dir='ltr'><strong>totum</strong></span> <span class='ocrx_word' id='word_1_307' title='bbox 1370 4117 1619 4193; x_wconf 87' lang='lat' dir='ltr'><strong>aegroto</strong></span> <span class='ocrx_word' id='word_1_308' title='bbox 1668 4104 2039 4169; x_wconf 87' lang='lat' dir='ltr'><strong>tribuendum</strong></span> <span class='ocrx_word' id='word_1_309' title='bbox 2087 4116 2333 4176; x_wconf 89' lang='lat' dir='ltr'><strong>censeo,</strong></span> <span class='ocrx_word' id='word_1_310' title='bbox 2378 4097 2477 4177; x_wconf 87' lang='lat' dir='ltr'><strong>qui</strong></span> <span class='ocrx_word' id='word_1_311' title='bbox 2515 4112 2728 4172; x_wconf 88' lang='lat' dir='ltr'><strong>„sum-</strong></span> 
     </span>
     <span class='ocr_line' id='line_1_36' title="bbox 447 4195 2730 4304; baseline -0.013 -18"><span class='ocrx_word' id='word_1_312' title='bbox 447 4240 574 4285; x_wconf 90' lang='lat' dir='ltr'><strong>mos</strong></span> <span class='ocrx_word' id='word_1_313' title='bbox 619 4221 927 4304; x_wconf 85' lang='lat' dir='ltr'><strong>pedesque</strong></span> <span class='ocrx_word' id='word_1_314' title='bbox 973 4235 1301 4298; x_wconf 87' lang='lat' dir='ltr'><strong>manusque</strong></span> <span class='ocrx_word' id='word_1_315' title='bbox 1337 4211 1698 4298; x_wconf 82' lang='lat' dir='ltr'><strong>attingere‚“</strong></span> <span class='ocrx_word' id='word_1_316' title='bbox 1747 4208 1906 4291; x_wconf 86' lang='lat' dir='ltr'><strong>quod</strong></span> <span class='ocrx_word' id='word_1_317' title='bbox 1952 4205 2163 4270; x_wconf 87' lang='lat' dir='ltr'><strong>medici</strong></span> <span class='ocrx_word' id='word_1_318' title='bbox 2210 4209 2326 4281; x_wconf 89' lang='lat' dir='ltr'><strong>est,</strong></span> <span class='ocrx_word' id='word_1_319' title='bbox 2371 4209 2505 4282; x_wconf 82' lang='lat' dir='ltr'><strong>apte</strong></span> <span class='ocrx_word' id='word_1_320' title='bbox 2534 4195 2730 4281; x_wconf 87' lang='lat' dir='ltr'><strong>juberi</strong></span> 
     </span>
    </p>
   </div>
  </div>
 </body>
</html>
