3246 4959
1501 278 1601 352 33

417 468 698 533 Horatius
744 473 824 539 (c.
870 466 918 547 1,
961 467 1066 548 31,
1104 463 1173 541 1)
1220 464 1599 548 „Apollinem
1646 460 2166 544 dedicatum,“
2211 466 2512 549 „impetus
2558 467 2686 543 (ΠΙ,

418 570 481 649 6,
529 569 643 645 10)
690 569 1201 654 auspicatos“
1248 569 1584 653 appellavit.
1647 569 1860 634 Mirum
1922 568 2065 632 illud
2110 570 2315 634 nescio
2351 571 2470 654 jam
2516 572 2689 655 cujus

419 683 847 754 commentum,
921 681 1145 739 statuas
1202 673 1498 738 albumine
1556 674 1655 737 ovi
1711 674 2009 737 inauratas
2069 674 2484 758 intelligendas
2529 693 2692 756 esse,

418 778 616 841 Herm.
648 779 769 861 jam
815 779 892 842 ob
940 785 1190 842 metrum
1222 777 1501 844 violatum
1534 777 1755 841 admitti
1793 795 1914 841 non
1946 794 2128 859 posse
2157 777 2416 841 ostendit
2449 778 2696 852 (Philol.

419 877 643 955 1856).
679 915 757 928 —·
789 881 854 948 V.
902 885 1006 948 56.
1051 887 1315 947 Deorum
1361 884 1420 946 in
1458 882 1692 965 templis
1738 882 1926 945 vicina
1954 881 2265 946 simulacra
2309 884 2687 966 contemptim

418 987 710 1050 fratres
755 988 931 1052 aeni
976 988 1374 1070 appellantur;
1446 986 1525 1050 de
1569 986 1878 1050 Dioscuris
1933 987 2033 1050 vel
2077 985 2334 1060 (schol.)
2396 987 2697 1069 quinqua-

416 1092 578 1175 ginta
624 1090 756 1155 filiis
785 1093 1046 1175 Aegypti
1091 1093 1343 1175 cogitari
1380 1110 1498 1154 non
1543 1099 1763 1172 potest.
1813 1125 1890 1135 —
1922 1092 1993 1155 V.
2035 1090 2140 1155 61.
2187 1091 2384 1154 Herm.
2429 1098 2492 1156 et
2518 1091 2695 1155 Jahn.

417 1213 528 1274 pro
576 1213 683 1270 eo,
739 1196 897 1278 quod
959 1204 1020 1261 et
1063 1196 1220 1278 apud
1263 1197 1522 1259 Lactant.
1566 1193 1709 1261 Inst.
1757 1196 1875 1259 div.
1922 1194 1992 1276 ll,
2036 1195 2077 1258 2
2123 1203 2185 1260 et
2243 1196 2305 1259 in
2349 1194 2698 1276 quibusdam

415 1298 579 1362 libris
612 1308 836 1364 exstatt
881 1301 953 1364 in
996 1308 1113 1362 ter
1132 1318 1290 1377 ηε,
1335 1299 1513 1364 codd.
1543 1301 1892 1365 auctoritate
1938 1301 2218 1364 commoti
2263 1319 2396 1363 cum
2433 1297 2697 1367 Casaub.

415 1405 536 1482 „in
581 1401 861 1467 terris“
905 1405 1309 1486 scripserunt,
1369 1404 1529 1492 quod
1575 1404 1792 1469 fortius
1835 1404 2052 1469 dictum
2098 1404 2524 1468 existimarunt.
2603 1403 2700 1465 Me

420 1506 608 1570 verba
653 1525 919 1586 „curvae
961 1508 1019 1570 in
1064 1504 1307 1585 terris,“
1369 1528 1403 1571 a
1450 1508 1805 1572 Casaubono
1852 1509 2126 1594 argutule
2164 1507 2457 1590 explicata
2503 1506 2699 1586 („ho·

419 1611 605 1674 mines
667 1630 785 1674 non
841 1612 1032 1676 solum
1093 1619 1307 1676 terram
1368 1620 1677 1696 spectare,
1736 1612 1843 1676 sed
1906 1613 1964 1676 in
2007 1611 2102 1675 illa
2162 1621 2319 1677 totos
2363 1608 2698 1685 haerere“)

419 1733 537 1778 non
583 1715 921 1799 intelligere
981 1716 1193 1780 fateor.
1268 1716 1400 1798 lpse
1457 1736 1602 1781 vero
1649 1717 1847 1780 Herm.
1905 1725 2079 1794 antea
2142 1717 2236 1790 (L.
2281 1717 2343 1779 P.
2390 1715 2432 1795 1,
2478 1734 2533 1798 p.
2578 1712 2697 1790 28)

418 1821 858 1899 accusativum,
915 1838 1093 1901 quem
1137 1822 1335 1901 Reiz.,
1381 1821 1521 1901 Or.,
1565 1821 1771 1900 Web.,
1832 1822 2024 1885 Diibn.
2071 1822 2245 1886 unice
2282 1840 2492 1885 verum
2530 1820 2701 1902 judi-

419 1932 627 1987 carunt
688 1931 750 1987 et
805 1924 1120 1988 scholiasta
1181 1941 1425 2006 quoque
1488 1924 1717 2008 legisse
1773 1923 2039 2003 videtur,
2120 1926 2341 2007 optime
2411 1924 2701 1988 defendit.

418 2027 580 2091 ldem
624 2049 678 2092 v.
723 2028 807 2092 62
852 2029 993 2092 hos
1037 2036 1361 2092 nostros
1405 2029 1680 2109 scripsit,
1736 2028 1899 2110 quod
1953 2030 2017 2094 L.
2067 2031 2127 2093 P.
2172 2028 2267 2108 111,
2312 2048 2371 2110 p.
2423 2025 2496 2094 11
2564 2027 2702 2090 mihi

418 2151 543 2196 non
588 2132 885 2215 probavit.
930 2134 1081 2197 Hoc
1125 2134 1396 2218 graviter
1440 2141 1500 2196 et
1542 2152 1763 2197 severe
1807 2133 2022 2198 dictum
2070 2142 2193 2214 est,
2237 2133 2314 2198 cf.
2358 2132 2453 2212 111,
2494 2127 2580 2197 85

590 2273 762 2352 „Hoc
808 2280 903 2336 est
947 2274 1105 2355 quod
1150 2273 1389 2356 palles?
1435 2257 1544 2337 cur
1589 2276 1724 2354 quis
1770 2291 1887 2336 non
1933 2274 2244 2356 prandeat,
2285 2275 2403 2337 hoc
2438 2272 2619 2337 est?“

417 2411 490 2492 V,
535 2412 618 2475 45
663 2412 835 2491 „Non
882 2412 1155 2495 equidem
1200 2411 1316 2475 hoc
1361 2410 1656 2477 dubites.“
1698 2447 1773 2456 —
1812 2412 1886 2476 V.
1930 2413 2033 2477 69.
2068 2413 2252 2476 Recte
2283 2411 2489 2499 Orell„
2516 2413 2709 2493 Jahn„

420 2518 617 2580 Herm.
680 2518 753 2581 in
801 2525 1080 2581 sancto
1141 2517 1435 2596 scribunt,
1498 2536 1617 2599 quo
1655 2538 1714 2582 v.
1763 2518 2041 2600 templum
2104 2518 2176 2581 ab
2222 2518 2554 2582 hominibus
2595 2519 2710 2581 in-

422 2620 702 2685 violatum
760 2629 821 2685 et
865 2623 1270 2704 incorruptum
1318 2621 1699 2687 describitur.
1739 2656 1817 2666 —
1859 2622 2035 2696 Quod
2071 2623 2268 2687 Herm.
2300 2642 2359 2684 v.
2397 2618 2477 2686 ⁷3
2508 2623 2709 2704 scrip-

421 2725 496 2787 sit
541 2744 576 2789 e
620 2725 758 2789 cod.
792 2725 951 2791 Leid.
996 2726 1261 2806 animi,
1305 2726 1444 2789 mihi
1489 2745 1741 2808 prorsus
1774 2726 2006 2804 falsum,
2053 2735 2220 2790 certe
2256 2728 2473 2791 misere
2510 2726 2708 2790 abun-

421 2828 565 2892 dare
609 2829 874 2908 videtur3
921 2831 1133 2893 melius
1177 2830 1451 2920 fecisset,
1497 2831 1547 2894 si
1596 2830 1813 2912 Guyeti
1859 2830 2260 2912 conjecturam
2301 2831 2709 2913 compositi

426 2963 504 2977 —-
566 2934 800 2997 animi
855 2934 1209 3015 recepisset.
1289 2933 1486 2997 Verba
1545 2933 1988 3015 „Compositum
2040 2935 2142 3016 jus
2202 2934 2413 3017 fasque
2475 2932 2709 2997 animo“

420 3039 687 3121 separari
733 3056 850 3100 nou
897 3046 1167 3119 possunt,
1211 3039 1324 3101 nisi
1371 3040 1703 3102 sententiae
1750 3046 1809 3102 et
1854 3039 2059 3102 verbis
2106 3039 2219 3100 vim
2266 3039 2504 3102 afferaS.
2550 3039 2707 3119 Apte

420 3141 632 3205 dicitur
717 3144 1044 3224 composita
1127 3161 1295 3206 mens
1310 3187 1330 3219 ,
1405 3144 1769 3224 compositus
1851 3144 2112 3221 animus,
2202 3142 2455 3206 affectus
2533 3158 2707 3205 com-

422 3246 619 3327 positi,
663 3253 911 3326 „venae
947 3244 1353 3329 compositae“
1386 3247 1578 3319 (Pers,
1614 3245 1707 3326 lll,
1750 3246 1890 3323 91),
1936 3247 2261 3329 composita
2305 3264 2408 3311 res
2453 3245 2705 3328 publica,

421 3348 528 3412 sed
575 3349 875 3432 quomodo
924 3351 1081 3433 JuS,
1144 3349 1300 3433 quod
1348 3350 1485 3412 nihil
1533 3351 1589 3411 in
1638 3368 1708 3413 se
1753 3349 2077 3413 turbulenti
2121 3351 2224 3413 vel
2269 3350 2544 3413 concitati
2586 3349 2701 3412 ha-

418 3453 552 3532 bet,
613 3455 1000 3537 compositum
1063 3453 1176 3516 dici
1239 3456 1463 3537 possit,
1529 3453 1806 3544 equidem
1867 3472 1987 3516 non
2046 3453 2333 3538 intelligo.
2410 3453 2705 3532 Alterum,

423 3555 534 3619 fas
595 3555 822 3621 animi
868 3557 1169 3621 Juvenalis
1214 3558 1384 3636 loco,
1450 3577 1625 3639 quem
1670 3558 1867 3621 Herm.
1914 3559 2135 3636 attulit,
2180 3557 2277 3638 tv,
2324 3558 2395 3621 91
2474 3557 2700 3637 „libera

421 3661 660 3724 verba
705 3660 930 3725 animi
975 3659 1294 3743 proferre“
1340 3662 1579 3726 minime
1627 3661 1988 3725 defenditur.

1248 3951 1542 4015 Satira
1589 3954 1884 4018 tertia.

596 4107 667 4172 V.
701 4108 763 4171 9.
808 4108 1150 4170 Lectionem
1196 4107 1611 4172 findor-ut
1657 4111 1918 4191 quamvis
1961 4110 2239 4191 ineptam,
2285 4109 2392 4173 sed
2435 4111 2706 4174 omnibus

424 4210 556 4276 fere
615 4211 793 4276 codd.
852 4210 1163 4292 firmatam,
1222 4213 1416 4277 Herm.
1478 4222 1538 4279 et
1593 4215 1765 4279 Jahn.
1823 4214 2111 4281 deserere
2167 4214 2296 4278 ausi
2355 4232 2474 4277 non
2534 4220 2705 4292 sunt3

2239 4303 2286 4376 3
