3246 4959
1669 317 1777 394 ‘14

587 512 758 568 sexta
803 504 1023 589 legitur
1063 525 1097 570 a
1142 505 1387 588 reliquis
1428 505 1627 573 satiris
1647 552 1667 587 ‚
1712 507 1929 590 quihus
1972 515 2150 590 poeta
2193 509 2351 572 bene
2395 507 2633 573 vivendi
2679 526 2863 589 prae-

584 615 754 691 cepta
797 610 1085 691 quaedam
1131 610 1307 675 tradit
1365 618 1424 673 et
1467 608 1541 674 ad
1585 612 1859 676 virtutem
1904 619 2109 675 sancte
2153 611 2459 675 colendam
2500 612 2862 692 adhortatur,

584 710 762 793 plane
807 713 1041 778 diversa
1088 715 1258 778 talem
1289 715 1461 778 animi
1508 714 1835 793 fervorem,
1886 735 2003 798 quo
2032 723 2209 799 poeta
2239 716 2381 798 quid
2411 717 2626 781 sentiat
2669 715 2860 779 libere

591 825 651 880 et
694 819 959 901 ingenue
1004 818 1349 900 profitetur,
1395 819 1567 882 talem
1613 821 1912 883 sermonis
1957 820 2302 884 hilaritatem
2348 837 2419 883 ac
2461 821 2591 883 fere
2638 820 2858 883 intem·-

585 923 916 1003 perantiam
963 924 1245 1002 ostendit,
1288 931 1354 986 ut
1395 924 1507 986 nisi
1536 924 1610 987 ab
1646 923 2028 988 adolescente
2053 933 2111 987 et
2155 924 2226 988 ad
2258 924 2564 1006 aequalem
2608 924 2859 988 eadem-

582 1043 697 1105 que
741 1027 1095 1091 sentientem
1154 1027 1400 1090 amicum
1446 1027 1686 1090 omnino
1725 1029 1942 1110 scripta
1988 1047 2128 1092 esse
2182 1045 2301 1091 non
2345 1030 2559 1112 possit.
2646 1029 2857 1094 Sermo

582 1132 772 1195 omnis
819 1131 888 1193 ad
935 1132 1090 1195 illius
1132 1132 1228 1194 cui
1274 1131 1491 1213 scripta
1536 1141 1675 1195 erat.
1727 1149 1927 1196 mores
1972 1141 2436 1214 componeretur
2479 1150 2548 1196 ac
2592 1131 2858 1196 comfor-

578 1241 839 1298 maretur
880 1253 1136 1299 necesse
1182 1242 1312 1298 erat
1357 1254 1471 1298 nec
1516 1237 1709 1299 minor
1750 1237 1904 1299 illius
1947 1255 2123 1317 quam
2167 1224 2509 1322 argumenti
2555 1237 2704 1299 ratio
2746 1236 2855 1298 ha-

580 1337 793 1402 benda.
842 1339 1160 1403 Praeterea
1206 1357 1302 1417 eo,
1353 1339 1513 1420 quod
1557 1340 1672 1404 hac
1717 1349 1778 1404 et
1824 1347 2035 1422 quarta
2080 1342 2258 1405 satira
2303 1360 2338 1403 a
2382 1340 2566 1403 rebus
2590 1340 2858 1403 obscoe-

578 1443 670 1505 nis
717 1442 915 1507 verbis
957 1443 1100 1507 satis
1128 1442 1331 1506 liberis
1375 1461 1445 1506 ac
1488 1442 1617 1505 fere
1662 1445 1999 1528 agrestibus
2033 1444 2444 1509 descrihendis
2469 1462 2587 1508 non
2632 1443 2859 1507 abhor-

578 1548 727 1626 ruit,
801 1548 1064 1610 l’ersium
1133 1546 1260 1610 illas
1320 1548 1536 1629 primas
1600 1549 1923 1629 scripsisse
1983 1549 2359 1631 comprobari
2413 1549 2550 1612 mihi
2605 1547 2858 1613 videtur.

582 1649 772 1724 Quum
820 1650 1176 1714 adolescens
1234 1650 1676 1728 „verecundiae
1735 1650 1867 1716 fere
1911 1650 2260 1736 virginalis“
2319 1652 2587 1717 homines
2650 1652 2858 1716 effusis

578 1755 638 1818 in
683 1770 921 1818 omnem
960 1755 1463 1836 intemperantiam
1519 1756 1854 1820 libidinibus
1901 1758 2330 1821 contaminatos
2374 1757 2637 1840 quotidie
2683 1755 2857 1819 vide—

578 1867 692 1936 ret,
736 1866 1081 1941 temperare
1124 1859 1234 1924 sibi
1278 1878 1399 1923 non
1447 1862 1655 1942 potuit,
1701 1863 1842 1941 quin
1890 1861 1966 1924 ad
1997 1861 2150 1925 illam
2193 1862 2516 1925 verborum
2547 1868 2859 1924 contume—

580 1962 713 2025 liam
760 1962 1170 2028 descenderet.

752 2066 940 2131 Satira
984 2066 1051 2130 11.
1096 2076 1155 2131 et
1199 2069 1291 2147 V.,
1335 2086 1487 2150 quae
1531 2076 1666 2150 post
1709 2069 1839 2132 illas
1884 2071 2140 2154 scriptae
2176 2088 2317 2136 esse
2363 2070 2659 2148 videntur,
2703 2066 2859 2131 reli·-

581 2170 716 2252 quis
760 2170 941 2236 multo
985 2172 1303 2252 graviores
1357 2178 1496 2234 sunt
1556 2191 1877 2254 veramque
1939 2192 2014 2238 ac
2070 2173 2390 2256 perfectam
2447 2170 2856 2257 philosophiae

578 2275 811 2340 Stoicae
874 2275 1184 2357 imaginem
1245 2277 1600 2358 exprimunt.
1690 2277 1879 2341 Satira
1939 2277 2237 2356 secunda,
2283 2295 2397 2359 qua
2456 2276 2754 2339 hominum
2798 2275 2857 2337 in

578 2381 736 2442 votis
780 2378 1070 2442 faciendis
1114 2381 1367 2470 pravitas
1414 2388 1474 2443 et
1519 2380 1759 2444 stultitia
1804 2382 2288 2464 reprehenditur,
2332 2382 2698 2445 sanctissima
2744 2398 2859 2442 ve-

576 2502 684 2548 rae
730 2502 877 2569 erga
920 2484 1084 2547 Deos
1127 2468 1360 2566 pietatis
1406 2494 1723 2567 praecepta
1770 2489 2052 2568 continet,
2097 2506 2351 2569 quorum
2389 2486 2564 2553 illud:

927 2610 1310 2678 „compositum
1340 2612 1422 2678 jus
1459 2613 1639 2683 fasque
1676 2616 1863 2679 animo,
1904 2624 2212 2685 sanctosque
2250 2630 2481 2667 recessus

927 2698 1105 2752 Mentis
1144 2707 1200 2750 et
1230 2702 1482 2752 incoctum
1517 2715 1774 2769 generoso
1809 2709 1983 2770 pectus
2015 2701 2250 2767 honesto,

933 2785 1073 2837 Haec
1105 2785 1239 2838 cedo
1276 2795 1332 2838 ut
1367 2786 1661 2840 admoveam
1698 2788 1913 2856 templis,
1947 2796 2000 2841 et
2029 2790 2162 2842 farre
2195 2789 2407 2846 litabo.“

581 2919 732 2965 vere
775 2900 1153 2964 christianum
1199 2908 1313 2965 est.

754 3004 945 3070 Satira
994 3005 1221 3086 quinta,
1263 3023 1381 3087 qua
1429 3006 1651 3069 Horatii
1695 3010 1985 3072 sententia
2031 3010 2238 3091 (epist.
2284 3008 2328 3087 l,
2379 3005 2479 3089 16,
2524 3008 2643 3081 65)

930 3150 1031 3187 ,,-
1073 3125 1158 3192 qui
1195 3124 1381 3192 cupiet,
1419 3133 1612 3178 metuet
1648 3142 1867 3195 quoque,
1903 3142 2054 3194 porro

929 3208 1028 3270 Oui
1065 3219 1292 3264 metuens
1325 3214 1469 3276 vivit,
1506 3212 1636 3266 liber
1670 3214 1789 3266 mihi
1825 3230 1929 3267 non
1965 3214 2062 3266 erit
2096 3213 2370 3283 unquam.“

581 3319 921 3398 illustratur,
967 3318 1040 3381 ab
1088 3319 1358 3384 omnibus
1404 3339 1630 3394 earum,
1677 3338 1831 3402 quae
1874 3321 2278 3403 philosophica
2309 3327 2655 3405 argumenta
2698 3326 2861 3382 trac-

584 3431 727 3502 tant,
771 3423 1246 3505 praeclarissima
1282 3425 1420 3508 jure
1464 3425 1748 3502 habetur;
1810 3443 1945 3488 nam
2006 3434 2485 3510 arg-umentorum
2545 3430 2684 3507 apta
2729 3421 2864 3485 dis-

582 3529 899 3608 positione,
943 3530 1233 3593 scrmonis
1279 3529 1579 3613 elegantia
1631 3537 1689 3592 et
1734 3547 1890 3610 quae
1936 3531 1993 3591 in
2041 3529 2395 3611 disputando
2439 3547 2579 3592 raro
2624 3528 2861 3610 reperi-

580 3640 680 3696 tur
744 3634 978 3714 poetica
1024 3634 1241 3697 virtute
1282 3634 1530 3719 insignis
1576 3642 1689 3697 est.
1737 3633 2019 3698 Ceterum
2077 3635 2404 3719 Koenigius
2464 3637 2556 3716 (p.
2606 3634 2688 3696 14
2732 3631 2861 3707 ed.)

582 3738 774 3819 aliqua
822 3757 898 3801 ex
943 3746 1111 3819 parte
1154 3746 1324 3801 recte
1360 3737 1667 3819 judicavit,
1724 3739 1989 3801 Persium
2046 3739 2102 3801 in
2166 3739 2335 3821 hujus
2392 3735 2615 3803 satirae
2674 3755 2861 3820 argu-

583 3851 784 3906 mento
830 3841 1171 3925 deligendo,
1216 3860 1333 3905 non
1380 3861 1416 3904 e
1460 3842 1580 3904 vita
1626 3845 1919 3905 communi
1965 3843 2076 3907 sed
2122 3863 2201 3907 ex
2244 3845 2465 3907 stoicae
2519 3842 2862 3925 disciplinae

582 3945 986 4029 penetralibus
1032 3946 1388 4027 desumpto,
1444 3947 1699 4009 maxime
1761 3966 2022 4026 errasse,
2091 3966 2269 4030 quum
2329 3948 2460 4012 talis
2522 3946 2864 4029 disputatio,

583 4067 750 4113 more
794 4050 1282 4134 philosophorum
1338 4050 1621 4128 instituta,
1684 4069 1837 4132 quae
1895 4051 2094 4116 subtili
2150 4052 2663 4134 argumentatione
2707 4052 2864 4113 nita·-

583 4164 700 4235 tur‚
738 4158 859 4240 jam
915 4173 1027 4236 per
1085 4173 1155 4218 se
1201 4172 1431 4218 omnem
1478 4157 1772 4236 poeticam
1830 4157 2238 4221 tractationem
2303 4162 2563 4239 respuat.
2620 4154 2741 4222 Sed
2784 4172 2862 4217 eo
2974 4231 2979 4236 ¹

582 4260 824 4326 Persius
880 4260 1023 4324 satis
1080 4267 1422 4342 excusatur,
1479 4261 1645 4345 quod
1702 4261 1936 4326 satiram
1991 4262 2144 4326 illam
2189 4277 2310 4325 non
2367 4261 2429 4325 in
2474 4261 2712 4365 yulgus,
2753 4257 2864 4326 sed
