3246 4959
1465 301 1563 377 81

382 490 665 559 sufficere
707 499 959 576 putaret,
1005 491 1265 574 scripsit.
1309 521 1404 535 —
1446 491 1520 554 V.
1569 484 1671 551 10.
1715 486 1929 550 Veram
1976 503 2115 549 esse
2159 484 2470 549 lectionem
2525 484 2656 563 „E-

381 597 584 663 bulliat
638 605 988 679 patruus,
1046 595 1419 678 praeclarum
1476 589 1697 656 funus“
1757 608 1929 653 nemo
1973 590 2253 675 negabit3
2318 609 2393 654 en
2438 607 2655 652 avarus

381 722 524 786 prae
552 702 734 765 nimio
765 701 988 786 gaudio
1045 701 1312 782 „praecl.
1365 695 1586 762 funus“
1632 694 2004 758 exclamans!
2049 694 2098 756 si
2132 693 2301 769 velis,
2343 695 2660 771 instituam,

381 806 714 885 ostendam,
757 805 858 868 vel
902 805 1092 869 simile
1137 803 1275 885 quid
1322 802 1546 867 addere
1590 801 1809 884 possis.
1857 797 2146 872 Quantum
2180 805 2425 861 veteres
2471 799 2659 861 funeri

381 909 689 992 splendide
732 909 1001 972 ornando
1043 908 1378 986 tribuerint,
1421 908 1555 988 ipse
1598 903 1840 968 Persius
1887 902 2011 982 (vl,
2054 901 2138 966 33
2182 906 2311 983 sq.)
2359 910 2421 967 et
2463 904 2657 966 Hora-

379 1015 497 1078 tius
543 1013 786 1092 docent,
830 1020 941 1077 sat.
984 1010 1055 1091 11,
1101 1012 1162 1090 5,
1210 1009 1367 1073 104:

1732 1133 2060 1202 „Sepulcrum

657 1226 956 1280 Permissum
993 1224 1196 1277 arbitrio
1230 1223 1341 1275 sine
1373 1220 1606 1274 sordibus
1640 1222 1855 1286 exstrue,
1889 1220 2040 1273 funus

668 1313 889 1383 Egregie
922 1301 1111 1366 factum
1148 1310 1315 1363 laudet
1348 1310 1587 1362 vicinia.“
1632 1337 1688 1348 —

386 1433 456 1495 V.
502 1430 609 1494 16.
652 1429 900 1493 Nocte
943 1435 1273 1491 nocturnae
1315 1425 1655 1505 voluptates
1691 1424 2119 1508 intelliguntur,
2164 1422 2237 1487 cl'.
2281 1422 2419 1486 Juv.
2470 1421 2514 1499 1,
2574 1421 2658 1488 36

386 1535 529 1617 aqui
573 1540 930 1597 testamenta
969 1536 1269 1594 merentur
1311 1527 1661 1605 Noctibusoe,
1719 1527 1825 1607 Vl,
1871 1526 1989 1590 521
2046 1534 2270 1591 »totum
2315 1528 2499 1591 semel
2544 1547 2660 1590 ex-

297 1664 301 1666 ’
383 1640 506 1720 piet
551 1652 830 1701 annum.“
857 1634 1042 1718 Signo
1085 1631 1568 1714 interrogationis
1599 1639 1739 1712 post
1771 1649 1831 1695 v.
1876 1649 2172 1714 purgas
2216 1628 2469 1714 (Herm.)
2513 1651 2660 1696 sen-

383 1743 603 1805 tentiae
647 1741 737 1803 vis
774 1746 1123 1802 attenuatur.
1174 1768 1245 1783 —
1296 1734 1504 1798 Oratio
1531 1735 1671 1815 quin
1718 1734 2078 1815 aliquantum
2122 1735 2408 1815 varietur,
2452 1737 2505 1800 si
2532 1737 2660 1798 Ne-

382 1844 694 1928 rius'post
737 1844 884 1907 duas
930 1859 1156 1905 uxores
1200 1840 1385 1903 elatas
1430 1840 1658 1901 tertiam
1694 1838 1918 1902 ducere
1967 1846 2030 1903 et
2060 1841 2233 1902 novis
2279 1838 2517 1904 dotibus
2562 1841 2658 1903 di-

385 1959 627 2014 tescere
674 1949 923 2024 dicatur,
968 1947 1204 2023 minime
1244 1962 1425 2027 nege,
1471 1943 1579 2006 sed
1628 1962 1685 2006 v.
1732 1942 2132 2023 conditur,
2179 1946 2414 2026 optimis
2460 1945 2660 2021 codd„

385 2055 706 2118 Hei-manni
754 2061 813 2133 et
846 2051 1039 2115 Jahnii
1061 2067 1363 2112 consensu
1404 2048 1734 2129 probatum,
1778 2049 2040 2111 sermoni
2067 2050 2232 2112 avari
2276 2049 2446 2130 illius,
2491 2070 2657 2115 mor-

383 2165 501 2222 tem
549 2159 754 2240 pupilli
800 2155 1155 2238 exoptantiS,
1195 2155 1383 2234 aptius
1430 2160 1547 2216 est.
1586 2185 1657 2196 —
1693 2152 1762 2215 V.
1813 2152 1912 2214 19.
1958 2151 2340 2234 „Cuiquam
2386 2156 2654 2219 cuinam«

387 2263 624 2335 (Heinr.
652 2262 874 2335 Orell.)
921 2258 1100 2323 scribi
1141 2275 1260 2319 non
1306 2273 1506 2337 posse,
1551 2255 1667 2329 (cf.
1714 2255 1907 2318 Herm.
1953 2257 2016 2318 L.
2052 2257 2110 2319 P.
2141 2257 2210 2335 11,
2241 2277 2299 2340 p.
2345 2257 2460 2340 26)
2505 2259 2661 2322 We·-

383 2367 570 2430 berus
617 2374 792 2430 acute
838 2362 1185 2427 observavit
1229 2361 1367 2432 (nsi
1411 2361 1618 2438 Latini,
1664 2360 1870 2441 inquit,
1913 2379 1964 2422 v.
2013 2362 2321 2443 quisquam
2367 2365 2426 2425 in
2472 2364 2663 2426 inter-

386 2464 706 2556 rogatione
751 2476 1014 2545 utuntur,
1059 2472 1498 2548 exspectamuS,
1541 2471 1606 2528 ut
1652 2464 2049 2547 interrogatus
2074 2485 2201 2531 rem
2226 2474 2431 2552 neget,
2476 2487 2663 2549 quare

387 2578 442 2641 si
487 2569 843 2656 ,‚cuiquam“
890 2578 1114 2633 rectum
1163 2577 1345 2647 esset,
1391 2587 1507 2631 non
1531 2570 1889 2652 interrogari
1914 2588 2124 2634 rursus
2170 2572 2510 2652 „cuinam,“
2554 2573 2661 2636 sed

387 2680 620 2762 ‚,nulli“
674 2674 1033 2757 responderi
1086 2671 1428 2742 debebat“).
1500 2672 1684 2735 Recte
1743 2672 1878 2734 mihi
1924 2674 2119 2738 Herm.
2166 2677 2483 2755 „cuinami’
2530 2678 2662 2740 cui-

388 2804 522 2848 nam
538 2780 616 2848 ?“
661 2780 983 2862 scripsisse
1028 2776 1292 2855 videtur,
1350 2784 1415 2837 ut
1457 2793 1615 2855 non,
1676 2776 1835 2856 quod
1879 2776 2047 2843 Jahn.
2094 2780 2313 2859 voluit,
2368 2781 2663 2845 adversa-

386 2891 517 2954 rius
563 2895 795 2970 poetam
841 2880 1178 2964 interpellet
1222 2880 1493 2959 „cuinam
1509 2877 1586 2943 ‘t“
1631 2879 1727 2942 hic
1768 2882 2085 2959 „cuinam‘P
2131 2884 2221 2947 vis
2256 2884 2513 2948 Staio?“
2555 2904 2665 2948 re·-

389 2992 703 3075 spondeat.
752 2990 937 3053 Poeta
983 3003 1100 3047 non
1144 2985 1334 3049 statim
1360 3003 1536 3065 quem
1580 2983 1845 3047 nominet
1881 2987 2126 3067 reperit,
2167 2987 2330 3051 unde
2375 2988 2515 3052 illud
2552 2990 2665 3053 ab-
2778 3048 2781 3052 ,

388 3105 623 3179 ruptum
687 3101 749 3157 et
807 3090 1055 3153 incisum
1117 3087 1352 3150 dicendi
1410 3106 1623 3171 genus,
1711 3088 1987 3153 Similiter
2030 3089 2227 3170 Plato,
2290 3092 2541 3156 Phaedr.
2605 3112 2664 3175 p.

389 3196 578 3277 235,‹1
629 3198 865 3260 locutus
924 3201 1049 3257 estz
1096 3183 1367 3272 „t’i'pvaec
1421 3179 1543 3275 γάρ
1606 3211 1709 3255 σοι
1767 3187 1909 3255 τίνα
1951 3188 2199 3274 μέντοι,
2256 3188 2400 3260 τίνα
2457 3192 2664 3275 &eelim

389 3298 436 3390 ἤ
477 3295 708 3386 βούλει
754 3347 770 3363 .
817 3296 877 3362 .“
932 3297 1133 3359 Herm.
1179 3297 1356 3358 etiam
1411 3314 1485 3359 eo
1530 3294 1909 3376 defenditur,
1970 3298 2129 3379 quod
2186 3301 2426 3364 Persius
2485 3301 2667 3365 verba

388 3411 614 3473 iterare
659 3403 836 3483 solet,
892 3400 971 3465 cf.
1014 3398 1059 3480 1,
1112 3399 1264 3476 111,
1309 3399 1560 3484 „Eugel
1605 3418 1917 3479 omneS,
1979 3419 2238 3466 omnes
2280 3404 2437 3468 bene
2485 3405 2668 3468 mirae

389 3513 558 3578 eritis
600 3506 746 3574 res“

567 3615 641 3693 V,
686 3615 716 3675 1
771 3608 1058 3690 „Vatibus
1102 3605 1196 3670 bic
1241 3624 1368 3670 mos
1415 3612 1522 3684 est,
1567 3614 1869 3668 centum
1915 3608 2030 3672 sibi
2074 3629 2329 3691 poscere
2368 3629 2580 3693 voces,

708 3714 1032 3797 Centum
1078 3728 1182 3774 ora
1228 3717 1289 3773 et
1346 3709 1578 3791 linguas
1636 3716 1845 3788 optare
1891 3712 1949 3774 in
1994 3715 2252 3777 carmina
2303 3716 2667 3781 centum.“

564 3821 638 3900 V,
685 3817 812 3880 174
879 3814 1049 3894 „Hic,
1092 3813 1217 3890 hic,
1263 3831 1435 3893 quem
1483 3812 1844 3894 quaerimuS,
1888 3815 1985 3879 hic
2030 3816 2186 3881 est.“

565 3925 659 4003 lV,
704 3919 788 3985 23
873 3917 993 3999 „Ut
1036 3933 1211 3979 nemo
1256 3917 1316 3978 in
1360 3935 1502 3980 sese
1559 3923 1807 3998 temptat
1853 3918 2251 4003 descendere,
2295 3943 2468 3988 nemo
2489 3920 2548 3986 1⁴⁴
2590 3957 2669 3971 -

393 4032 464 4095 V.
510 4030 615 4094 29.
662 4027 872 4089 Mirum
917 4019 1061 4083 illud
1107 4019 1525 4099 „quidnam
1572 4026 1708 4097 est,
1753 4037 1903 4101 qua
1964 4028 2396 4107 mercede,“
2440 4033 2544 4094 eui
2582 4032 2673 4096 si·

391 4132 528 4196 mile
587 4151 643 4196 v.
695 4127 775 4193 18
821 4133 1036 4207 „estne
1080 4123 1206 4201 ut“,
1250 4125 1326 4186 ita
1370 4122 1503 4186 fere
1549 4131 1642 4185 est
1685 4125 2138 4204 explicandumz
2185 4133 2334 4208 Quid
2380 4143 2497 4215 est,
2557 4152 2675 4218 quo

388 4245 692 4318 tamquam
737 4227 1056 4304 mercede,
1114 4226 1210 4289 vel
1264 4228 1484 4290 rectius
1542 4225 1820 4310 quidnam
1883 4242 1981 4299 est
2023 4237 2357 4319 mercedis,
2400 4258 2545 4324 quo.
