3246 4959
1485 289 1580 363 11

396 477 552 554 vu.)
594 479 673 543 de
722 478 929 543 Persio
979 478 1302 562 judicavit,
1343 485 1585 561 poetam
1630 478 1789 543 illum
1846 498 1882 544 a
1927 487 2176 558 natura,
2241 478 2540 543 satiricum
2595 478 2669 542 ab

395 591 527 649 arte
571 585 768 665 potius
813 592 874 647 et
930 583 1134 646 schola
1195 584 1322 655 (vel
1379 585 1775 666 temporibus)
1820 582 2034 647 factum
2090 602 2235 648 esse
2291 591 2351 646 et
2409 601 2480 647 re
2525 601 2671 646 vera

395 688 666 753 Persium
713 695 829 751 tum
875 687 1131 750 maxime
1176 689 1345 769 quasi
1400 688 1653 752 liberum
1699 695 1762 753 et
1804 705 1882 750 ex
1925 706 2173 752 carcere
2217 688 2499 752 emissum
2541 687 2674 751 vir-

395 800 578 856 tutem
628 792 920 873 poeticam
965 791 1289 855 ostendere
1332 792 1627 872 videmus,
1673 810 1856 874 quum
1900 810 1933 855 a
1975 793 2158 857 satira
2203 793 2335 873 ipsa
2378 792 2674 857 discessit.

398 896 622 974 Quare,
668 914 804 976 qum
850 896 1027 959 satira
1072 896 1229 959 vitae
1282 896 1611 960 communis
1656 897 1911 960 vinculis
1976 897 2142 960 nimis
2204 898 2667 981 constringatur,

395 1001 496 1082 qui
541 1001 865 1063 recentiori
903 1007 1095 1063 aetate
1139 1001 1354 1065 satiras
1400 1001 1790 1081 scripserunt,
1836 1001 2083 1064 formam
2125 1002 2419 1083 poeticam
2461 1009 2528 1065 ut
2570 1019 2676 1065 sa·

394 1105 542 1169 tirae
585 1106 778 1167 minus
830 1112 1024 1186 aptam
1079 1105 1465 1186 reliquerunt.
1549 1102 1856 1169 Juvenalis
1901 1106 2115 1168 satirae
2173 1125 2207 1168 a
2250 1105 2448 1169 satiris
2490 1105 2676 1169 Persii

396 1218 669 1291 quantum
715 1209 995 1273 diversae
1038 1211 1186 1288 sint,
1245 1211 1296 1272 si
1339 1208 1520 1272 modo
1567 1209 1756 1272 Persii
1798 1209 2035 1272 satiram
2081 1208 2144 1271 ll.
2190 1228 2322 1272 cum
2364 1210 2675 1274 Juvenalis

394 1313 491 1391 X„
535 1312 707 1395 hujus
752 1313 872 1376 vn.
915 1320 979 1377 et
1016 1313 1281 1378 decimae
1338 1320 1582 1394 quartae
1628 1321 1854 1394 partem
1891 1313 2150 1395 priorem
2194 1332 2327 1377 cum
2371 1315 2524 1378 illius
2567 1333 2675 1378 sa-

398 1419 507 1482 tira
551 1416 646 1480 111.
689 1436 1053 1500 componere
1095 1419 1270 1498 velis,
1311 1417 1489 1482 facile
1521 1435 1880 1502 cognosces·
1925 1418 2240 1481 Doctrinae
2282 1419 2569 1502 ingratam
2616 1426 2678 1482 et

395 1522 864 1604 intempestivam
910 1524 1401 1600 ostentationem,
1457 1520 1735 1606 frigidam
1780 1520 2260 1587 declamationem
2280 1568 2298 1601 ,
2356 1541 2558 1587 rerum
2605 1541 2677 1586 ac

395 1627 817 1690 sententiarum
861 1625 1173 1691 molestam
1231 1627 1644 1709 repetitionem
1681 1627 1820 1708 jure
1864 1626 2029 1689 multi
2084 1627 2143 1689 in
2179 1626 2484 1690 Juvenalis
2527 1628 2671 1690 sati·

396 1730 481 1793 ris
526 1736 828 1793 notarunt.
875 1729 1197 1794 Rhetorum
1243 1730 1324 1792 illi
1353 1747 1544 1808 more,
1587 1736 2070 1814 argumentorum
2098 1729 2311 1793 ordine
2354 1731 2518 1812 prius
2561 1729 2681 1794 de-

398 1834 629 1918 signato
650 1880 669 1914 ‚
712 1834 825 1897 alia
870 1834 997 1897 aliis
1041 1834 1379 1916 subjungit,
1435 1851 1646 1915 saepe,
1700 1833 1952 1895 maxime
2011 1852 2160 1898 vero
2217 1836 2276 1898 in
2319 1835 2472 1915 illis,
2531 1852 2679 1915 quas

397 1939 523 2001 irae
567 1947 739 2002 aestu
786 1937 1246 2002 defervescente
1287 1938 1543 2019 scripsit,
1589 1938 1782 2001 satiris
1824 1939 2137 2018 postremis
2160 1945 2277 2001 tam
2313 1957 2348 2002 a
2391 1955 2461 2003 re
2505 1957 2680 2021 quam

398 2050 609 2106 tractat
663 2043 889 2120 aliena,
958 2043 1054 2106 vel
1099 2061 1178 2105 ex
1221 2042 1458 2106 historia
1503 2041 1599 2104 vel
1658 2061 1740 2105 ex
1798 2040 2005 2106 fabulis
2049 2044 2267 2125 petita,
2310 2042 2576 2124 profert,
2621 2050 2683 2105 ut

401 2165 479 2227 „a
525 2147 893 2210 deverticulo
955 2146 1204 2209 fabulam
1249 2142 1596 2228 repetere“'
1644 2143 1795 2224 (XV,
1843 2143 1958 2219 72)
2004 2153 2273 2229 cogatur.
2329 2146 2683 2210 Juventione

400 2252 630 2333 poetica
657 2268 866 2314 omnes
896 2259 1102 2314 carent
1130 2269 1349 2333 neque,
1392 2251 1444 2313 si
1487 2249 1586 2314 Xl.
1621 2257 1685 2313 et
1715 2249 2104 2313 duodecimae
2148 2258 2376 2332 partem
2421 2251 2682 2332 priorem

402 2356 737 2437 exceperiS,
780 2353 1149 2437 simplicitate
1194 2355 1442 2437 quadam
1473 2373 1543 2417 ac
1572 2361 1883 2419 venustate
1929 2354 2421 2417 commendantur.
2464 2354 2525 2418 ln
2555 2356 2684 2418 sin-

399 2459 558 2545 gulis
614 2460 778 2524 velut
837 2461 895 2523 in
957 2460 1151 2525 tabula
1210 2461 1366 2543 picta
1426 2458 1833 2524 describendis
1875 2458 2180 2524 Juvenalis
2240 2460 2528 2545 egregius
2573 2466 2684 2536 est,

402 2567 463 2629 in
506 2565 722 2628 ceteris
764 2564 896 2628 fere
937 2565 1127 2628 rudis.
1162 2562 1310 2629 Tum
1368 2566 1429 2627 in
1473 2564 1632 2627 vitiis
1677 2563 2026 2627 denotandis
2084 2564 2300 2643 „altum
2346 2566 2525 2628 satira
2571 2583 2684 2628 su·-

401 2677 598 2734 mente
641 2667 1028 2732 cothurnum“
1072 2669 1204 2743 (Vl.
1235 2668 1416 2743 634.)
1462 2669 1676 2732 nimius
1714 2677 1845 2748 est,
1904 2686 2083 2750 quum
2127 2668 2258 2731 fere
2294 2669 2515 2751 ubique
2558 2687 2685 2732 rem

404 2774 602 2836 verbis
639 2791 864 2858 augere
907 2781 967 2836 et
1012 2792 1378 2856 exasperare
1422 2774 1629 2836 soleat.
1704 2773 1825 2836 Res
1870 2772 1966 2836 vel
2012 2773 2377 2855 turpissimas
2425 2791 2496 2836 ac
2539 2770 2682 2836 foe·-

404 2877 672 2942 dissimas
709 2876 1053 2959 patefacere
1100 2885 1159 2939 et
1201 2877 1261 2940 in
1305 2877 1440 2940 luce
1464 2876 1763 2939 collocare
1808 2893 1926 2939 non
1957 2876 2255 2939 erubescit
2299 2884 2358 2938 et
2395 2877 2483 2940 rei
2527 2877 2689 2958 pub-

404 2982 554 3044 licae
597 2989 781 3045 totum
826 2999 1048 3062 corpus
1093 2982 1258 3063 quasi
1301 2981 1555 3044 obsitum
1578 2980 1879 3044 ulceribus
1925 2989 1987 3044 et
2016 2980 2151 3044 tabe
2193 2981 2527 3044 confectum
2574 2981 2689 3044 de-

405 3085 607 3149 nudat.
661 3084 868 3148 Omnia
910 3086 990 3148 ibi
1032 3094 1198 3150 vasta
1251 3105 1326 3149 ac
1370 3086 1606 3149 deserta
1663 3085 1983 3167 nullusque
2044 3086 2176 3149 fere
2232 3085 2403 3148 locus
2463 3085 2524 3147 in
2567 3101 2688 3166 quo

403 3190 752 3270 requiescas
793 3190 1145 3254 ostenditur.
1190 3190 1265 3253 Ut
1306 3190 1516 3271 paucis
1562 3189 1783 3269 dicam,
1826 3189 2128 3253 Juvenalis
2173 3191 2389 3253 satirae
2422 3188 2689 3252 rhetori-

403 3312 513 3358 cae
558 3303 715 3372 sunt,
760 3294 947 3357 Persii
991 3294 1461 3375 philosophicae.
1544 3365 1547 3366 ἢ

576 3397 880 3479 Nusquam
938 3396 1094 3479 apud
1141 3398 1404 3462 Persium
1450 3396 1547 3459 illa
1607 3403 1916 3476 „monstra
1959 3395 2122 3459 nulla
2165 3397 2385 3459 virtute
2428 3395 2692 3459 redemta

406 3522 440 3565 a
486 3501 705 3576 vitiis‚“
782 3501 937 3575 (lnv.
995 3500 1114 3580 lV.,
1156 3501 1229 3577 2)
1294 3519 1728 3583 „quaecunque
1795 3501 2117 3581 perniciem
2193 3496 2436 3564 ferunt“
2512 3501 2691 3574 (Hor.

407 3614 514 3669 sat.
556 3604 602 3684 l,
645 3607 707 3684 4,
754 3601 911 3681 130)
956 3607 1359 3688 reperiuntur,
1404 3623 1522 3668 non
1566 3606 1625 3667 in
1672 3604 1939 3667 homines
1967 3604 2201 3688 flagitiis
2245 3622 2315 3666 ac
2357 3604 2691 3669 sceleribus

410 3710 655 3773 obrutos
732 3709 1059 3784 invehitur,
1140 3710 1247 3774 sed
1332 3708 1565 3772 illorum
1648 3709 1823 3771 vitam
1901 3709 2177 3772 miseram
2246 3709 2693 3772 commiseratur

414 3814 639 3877 illorum
686 3815 895 3877 mentis
938 3815 1343 3877 caecitatatem
1392 3811 1714 3895 deplorat,
1776 3813 1875 3894 qui
1918 3813 2118 3891 „inter
2177 3811 2436 3876 scabiem
2483 3819 2689 3874 tantam

410 3926 470 3980 et
513 3919 785 4000 contagia
829 3918 978 3982 lucri
1023 3918 1102 3980 nil
1146 3915 1418 3999 sapiant“
1478 3917 1630 3985 (Hor
1675 3935 1811 3997 epp.
1858 3915 1921 3994 l.‚
1967 3915 2084 3995 12,
2131 3914 2243 3995 14)
2311 3924 2372 3977 et
2413 3914 2688 3995 philoso-

410 4020 602 4100 phiam
661 4021 848 4087 omnis
905 4022 1140 4084 virtutis
1184 4022 1526 4105 magistram
1571 4028 1991 4101 aspernentur.
2053 4018 2331 4091 Quamvis
2390 4020 2535 4097 „uni
2578 4038 2685 4082 ae-

413 4141 568 4205 quus
611 4125 808 4188 virtuti
852 4131 1034 4206 atque
1078 4125 1208 4206 ejus
1253 4122 1534 4203 amiciS‚“
1590 4141 1708 4186 non
1754 4122 1886 4202 ille,
1932 4123 2117 4203 qualis
2162 4141 2197 4185 a
2242 4123 2536 4186 nonnullis
2576 4122 2690 4185 de-

411 4227 713 4307 scribitur,
756 4228 936 4292 tristis
979 4246 1052 4292 ac
1106 4245 1383 4291 morosus
1428 4234 1488 4292 et
1545 4228 1648 4308 qui
1693 4243 2061 4312 congressus
2105 4226 2406 4294 hominum·
2449 4226 2690 4316 fugerit,
