3246 4959
1535 283 1583 361 ὅ

415 477 650 539 omnino
704 476 806 540 vix
866 481 1168 562 cognitum
1227 473 1507 538 habuisse
1567 473 1728 538 dixit.
1806 474 2104 538 Tralatitia
2164 473 2260 537 illa
2322 475 2697 541 obscuritatis

420 582 701 665 opinione
747 581 907 644 ducti·
950 580 1112 643 multi
1161 579 1345 642 Persii
1392 580 1607 642 satiras
1668 580 1762 641 vel
1809 598 2016 662 parum
2065 578 2374 662 diligenter
2418 581 2699 665 legerunt

353 687 356 690 ’
412 686 509 749 vel
566 684 717 748 male
782 693 843 748 et
902 684 1051 747 dure
1114 684 1170 745 in
1233 683 1490 765 linguam
1552 691 1838 759 nostram¹
1879 682 2191 746 translatas
2245 693 2689 766 percurrerunt.

412 790 539 852 Hoc
581 790 832 851 maxime
876 788 1229 870 requiritur,
1285 794 1346 849 ut
1383 786 1605 869 judicio
1670 794 1900 849 utamur
1944 786 2160 867 ubique
2203 787 2477 872 integro,
2539 809 2693 854 neve

414 893 606 957 fictam
655 893 946 975 quandam
985 900 1044 955 et
1089 898 1529 973 praesumptam
1577 892 1916 973 opinionem
1963 892 2153 957 secuti
2200 891 2269 954 ad
2318 894 2502 957 Persii
2546 896 2693 958 sati-

416 1015 512 1061 ras
559 996 849 1080 legendas
895 994 1266 1060 accedamus.
1335 995 1692 1059 Sententiam
1753 994 1830 1057 de
1875 995 1975 1057 illo
2019 1013 2222 1057 veram
2269 1015 2337 1058 ac
2382 997 2695 1078 sinceram,

416 1102 765 1181 praesertim
822 1119 1000 1182 quum
1063 1098 1223 1162 multi
1280 1099 1396 1161 loci
1453 1098 1693 1162 obscuri
1739 1097 1931 1161 lucem
1977 1098 2348 1179 desiderent,
2408 1109 2529 1164 tum
2577 1102 2693 1165 de-

416 1223 570 1267 mum
618 1204 818 1268 dicere
860 1221 1215 1286 possumuS,
1277 1220 1452 1284 quum
1500 1221 1630 1265 eum
1678 1220 1797 1264 non
1843 1203 2063 1281 semel,
2122 1203 2229 1265 sed
2276 1202 2472 1268 decies
2519 1205 2693 1290 iege-

414 1309 601 1370 rimus
648 1302 902 1390 ejusque
949 1305 1247 1391 cogitandi
1296 1325 1366 1369 ac
1412 1305 1701 1369 sentiendi
1732 1307 2019 1368 rationem
2053 1307 2291 1387 penitus
2324 1311 2687 1391 cognoveri-

415 1431 567 1474 mus.
613 1412 759 1474 Tum
805 1412 980 1474 multa
1025 1418 1124 1474 aut
1167 1411 1444 1473 constitui
1488 1394 1711 1474 rectius
1758 1418 1857 1473 aut
1903 1409 2143 1472 defendi
2182 1410 2387 1473 melius
2418 1423 2692 1493 possunt,

417 1533 595 1596 quum
642 1514 801 1578 illum
846 1515 1077 1578 assidua
1122 1515 1375 1578 lectione
1419 1514 1590 1577 nobis
1639 1513 1982 1576 familiarem
2028 1513 2484 1583 reddiderimus,

589 1618 760 1693 Quod
808 1638 985 1701 quum
1051 1618 1308 1683 diuturni
1369 1625 1427 1680 et
1483 1618 1635 1680 acris
1694 1617 1867 1679 studii
1927 1618 1984 1678 in
2034 1618 2216 1681 Persii
2276 1621 2468 1683 satiris
2515 1623 2692 1704 positi

417 1722 553 1785 mihi
599 1724 877 1785 conscius
921 1722 996 1785 de
1041 1741 1134 1784 me
1178 1721 1526 1802 praedicare
1572 1722 1814 1803 possim,
1859 1721 2143 1783 incertum
2190 1730 2248 1784 ct
2295 1722 2533 1787 dubium
2579 1725 2690 1788 ad-

310 1906 315 1911 ·
418 1825 532 1888 huc
581 1825 656 1888 de
688 1835 862 1907 poeta
899 1825 1186 1908 judicium
1225 1826 1450 1890 certius
1494 1824 1793 1905 reddere,
1838 1833 2114 1907 quantum
2161 1826 2217 1887 in
2265 1845 2356 1888 me
2401 1837 2528 1906 est,
2574 1848 2693 1892 ex·-

345 1964 349 1966 †
415 1930 615 2011 periar
661 1938 722 1994 et
786 1931 1031 2012 primum
1093 1929 1331 2011 quidem
1377 1948 1551 2011 quem
1599 1929 1794 1992 locum
1838 1929 1939 1992 ille
1984 1930 2041 1992 in
2098 1930 2420 1994 litterarum
2468 1933 2694 1997 Roma-

415 2053 618 2097 narum
664 2034 905 2098 historia
951 2035 1249 2115 obtineat,
1296 2034 1703 2116 quaerendum
1750 2053 1885 2096 esse
1930 2034 2279 2098 existimavi.

1468 2298 1528 2368 §-
1575 2294 1636 2359 2.

587 2449 839 2515 Satiram
886 2449 1280 2515 Romanorum
1328 2450 1626 2534 propriam
1674 2467 1834 2530 esse,
1880 2448 2269 2524 Quintilianus
2315 2458 2482 2517 recte
2520 2452 2692 2536 judi-

418 2556 604 2633 cavit3
668 2556 877 2620 Graeci
923 2557 1156 2619 satirica
1214 2555 1498 2637 quaedam
1545 2557 1692 2620 alius
1738 2556 1978 2638 generis
2024 2556 2376 2620 carminibus
2422 2557 2697 2637 admixta,

416 2658 525 2722 sed
587 2659 776 2723 nullas
838 2660 1052 2723 habent
1112 2662 1334 2725 satiraS.
1427 2661 1664 2736 Quare,
1725 2678 1901 2741 quum
1962 2661 2143 2723 satira
2204 2678 2345 2742 pars
2402 2661 2694 2742 quaedam

419 2764 617 2842 poesis
678 2763 1004 2827 didacticae
1066 2766 1174 2844 sit,
1238 2784 1378 2827 num
1441 2750 1649 2844 poema
1712 2765 1935 2846 justum
1993 2764 2197 2826 haberi
2255 2765 2478 2845 possit,
2536 2764 2701 2828 inulti

417 2867 773 2931 dubitarunt.
861 2868 1143 2950 Equidem
1207 2868 1324 2948 illi,
1385 2870 1435 2932 si
1500 2870 1676 2930 certis
1721 2868 1934 2931 sinibus
2003 2868 2389 2943 cohibeatur,
2454 2867 2697 2931 sormam

417 2973 706 3052 poeticam
754 2979 946 3053 aptam
994 2991 1133 3035 esse
1178 2990 1293 3037 non
1340 2973 1704 3056 negaverim,
1751 2973 1822 3035 ab
1868 2972 2068 3034 indole
2107 2973 2464 3035 Graecorum
2512 2991 2694 3053 pror-

419 3093 523 3138 sus
564 3076 808 3138 alienam
869 3076 1057 3139 fuisse
1109 3077 1231 3159 jam
1291 3095 1400 3154 e0,
1461 3075 1618 3157 quod
1680 3078 1887 3140 satiras
1932 3075 2011 3137 illi
2074 3075 2263 3138 nullas
2310 3077 2701 3156 scripserunt,

426 3180 570 3242 satis
616 3179 920 3261 probatur.
967 3181 1191 3245 Satirae
1236 3199 1417 3243 verae
1464 3189 1580 3243 tum
1627 3180 1821 3243 solum
1869 3189 2219 3258 nascuntur,
2265 3199 2443 3261 quum
2489 3189 2698 3243 natura

422 3290 481 3344 et
526 3284 643 3346 vita
689 3283 974 3370 vinculis,
1030 3285 1244 3365 quibus
1300 3293 1471 3347 antea
1516 3284 1902 3361 tenebantur,
1973 3284 2181 3347 solutis
2226 3286 2379 3346 inter
2422 3303 2489 3347 se
2535 3303 2698 3368 pug-

419 3395 586 3465 nant3
648 3407 803 3469 quae
851 3396 1112 3469 tempora
1160 3390 1381 3452 oratori
1427 3389 1569 3452 satis
1634 3387 1978 3465 commoda,
2036 3395 2250 3469 poetae
2295 3389 2539 3450 maxime
2584 3387 2704 3449 ini-

420 3509 533 3572 qua
597 3500 658 3555 et
713 3492 966 3556 adversa
1026 3502 1183 3556 sunt.
1248 3493 1421 3574 Apud
1468 3494 1734 3556 Graecos
1780 3500 1983 3555 natura
2033 3500 2091 3553 et
2135 3493 2251 3555 vita
2297 3491 2697 3572 pulcherrime

419 3596 569 3658 inter
604 3593 694 3660 'se
753 3597 1235 3683 consentiebant,
1311 3615 1623 3677 numquam
1682 3596 1837 3677 apud
1896 3596 2028 3659 illos
2088 3596 2293 3678 poesis
2356 3596 2429 3658 ita
2490 3615 2523 3657 a
2584 3595 2701 3656 vita

419 3699 744 3763 abalienata
802 3707 929 3779 est,
994 3709 1055 3764 ut
1111 3701 1169 3761 in
1231 3700 1467 3764 scholas
1529 3700 1629 3762 vel
1689 3699 1989 3763 rhetorum
2056 3698 2149 3762 vel
2216 3698 2701 3781 philosophorum

419 3802 794 3887 confugeret.

591 3907 736 3969 Tum
798 3906 1008 3970 Graeci
1071 3926 1268 3989 neque
1333 3907 1407 3970 ad
1465 3909 1654 3985 illam,
1719 3926 1835 3989 qua
1894 3907 2138 3970 Romani
2199 3907 2454 3971 Neronis
2512 3915 2700 3970 aetate

416 4010 667 4073 demersi
718 4019 928 4089 erant,
995 4030 1221 4075 morum
1270 4014 1616 4094 pravitatem
1665 4030 1922 4091 unquam
1969 4011 2236 4094 prolapsi
2282 4019 2452 4089 sunt,
2501 4029 2697 4092 neque

420 4114 693 4195 pristinas
751 4115 1000 4178 virtutes
1056 4117 1292 4198 paribus
1352 4117 1509 4178 vitiis
1571 4116 2055 4179 contaminarunt.
2120 4115 2364 4179 Satirica
2412 4113 2701 4195 quaedam

419 4218 478 4279 in
522 4218 747 4296 iambiS,
793 4219 1252 4304 epigrammatiS,
1296 4217 1622 4284 comoediis
1669 4219 2075 4302 reperiuntur.
2134 4217 2458 4281 lamborum
2506 4220 2704 4304 scrip-
