3246 4959
1526 304 1628 379 25

1250 599 1541 662 Satira
1584 598 1907 678 prima.

613 735 927 801 Herinanni
970 737 1286 801 verborum
1331 734 1400 803 V.
1435 737 1475 802 2
1523 746 1583 803 et
1630 739 1667 803 3
1716 739 2046 803 distributio

525 839 712 919 „Quis
756 840 921 925 leget
961 841 1154 905 haec?
1206 875 1277 885 -
1327 844 1465 907 Min'
1508 851 1570 908 tu
1616 843 1773 910 istud
1813 844 1943 908 ais?
1989 862 2164 908 nemo
2209 842 2502 934 hercule?
2547 876 2630 890 -

1058 947 1297 1011 Nemo?
1349 981 1423 990 —

526 1049 632 1110 Vel
680 1048 831 1128 duo,
874 1050 972 1114 vel
1018 1070 1209 1115 nemo.
1252 1048 1380 1096 -“

441 1152 615 1214 etiam
663 1151 897 1217 Goethii
959 1157 1094 1236 (qui
1139 1156 1377 1237 quidem
1425 1155 1690 1220 Persium
1735 1174 1855 1219 non
1901 1158 2263 1240 cognovisse
2310 1156 2575 1234 videtur,
2635 1154 2712 1218 cf.

440 1255 640 1320 Heinr.
686 1276 744 1338 p.
791 1256 908 1333 62)
954 1259 1156 1323 verbis
1200 1260 1396 1326 Faust.
1443 1260 1514 1333 11,
1560 1279 1618 1343 p.
1664 1259 1792 1324 210

656 1376 1008 1443 Satirikcr:
1044 1379 1233 1444 ‚,Wisst
1267 1380 1362 1446 ihr,
1398 1397 1508 1434 was
1543 1380 1676 1433 mich
1711 1381 1905 1435 Poeteu

1060 1465 1176 1519 Erst
1211 1467 1349 1520 recht
1386 1468 1626 1521 ertu-ouen
1660 1464 1839 1521 sollte?

1062 1551 1221 1605 Durit'
1258 1553 1342 1605 icb
1378 1555 1557 1625 singen
1593 1554 1696 1606 und
1733 1553 1906 1618 reden,

1059 1641 1176 1692 was
1212 1641 1447 1694 niemand
1485 1641 1640 1694 boren
1678 1641 1904 1719 welhe-‘f

439 1744 813 1825 comprobari
859 1747 1065 1826 possit.
1112 1778 1204 1791 ·—
1251 1750 1340 1815 V..
1364 1749 1422 1814 8.
1469 1751 1517 1813 Α
1541 1750 1578 1812 b
1636 1747 1999 1828 casauboni,
2043 1748 2248 1826 Reizii,
2293 1745 2517 1824 Orellii,
2558 1745 2710 1808 We·-

438 1847 567 1910 beri
612 1848 950 1931 utriusque,
993 1850 1235 1931 Ritteri‚
1281 1871 1441 1916 nunc
1483 1854 1659 1917 etiam
1709 1854 2023 1917 Hermanni
2070 1862 2130 1917 et
2172 1851 2364 1916 Jahnii
2409 1867 2712 1913 consensu

438 1952 919 2030 commendatur,
980 1955 1176 2036 quod,
1230 1974 1407 2037 quum
1468 1965 1605 2039 post
1660 1957 1844 2020 verba
1900 1957 2074 2038 „quis
2116 1952 2280 2018 non“
2337 1953 2714 2036 aposiopesis

438 2056 743 2120 statuenda
803 2059 911 2137 sit,
975 2059 1110 2122 mihi
1173 2060 1302 2124 fere
1359 2061 1761 2125 necessarium
1819 2061 2070 2127 videtur.
2161 2059 2331 2133 Quae
2385 2065 2561 2140 poeta
2618 2057 2713 2119 bic

438 2162 781 2240 reticuerit,
827 2163 927 2242 qui
973 2172 1226 2227 mentem
1274 2166 1405 2248 eJus
1452 2165 1881 2250 cognoverint,
1928 2165 2098 2228 facile
2144 2163 2495 2247 intelligent.
2544 2159 2713 2225 Con-

429 2267 665 2349 jectura
714 2266 1095 2345 aberrarunt,
1152 2270 1252 2348 qui
1299 2250 1537 2350 poetam
1573 2271 1695 2352 jam
1732 2270 1919 2333 verba
1963 2268 2080 2347 illa,
2148 2286 2301 2349 quae
2344 2285 2403 2329 v.
2451 2263 2567 2329 121
2623 2265 2718 2328 le·

437 2378 689 2452 guntur:
753 2371 1088 2450 „auriculas
1147 2372 1294 2435 asini
1355 2373 1525 2453 quis
1585 2391 1731 2435 non
1790 2371 2011 2436 babet“
2071 2373 2130 2434 in
2191 2372 2388 2436 animo
2434 2369 2717 2433 babuisse

438 2476 806 2555 existimant,
851 2492 1029 2556 quum
1076 2477 1207 2559 ipse
1252 2496 1370 2541 non
1416 2478 1590 2560 „quis
1625 2474 1805 2557 non,“
1850 2475 1961 2541 sed
2008 2476 2208 2556 „Mida
2252 2473 2408 2539 rex“
2452 2473 2719 2559 scripse-

438 2582 534 2643 rit.
589 2612 656 2622 -·
711 2581 783 2643 V.
842 2575 940 2643 1⁷.
999 2580 1171 2644 Nulla
1215 2600 1396 2646 causa
1443 2589 1572 2661 est,
1632 2602 1739 2645 cur
1782 2601 1913 2645 cum
1959 2567 2290 2657 nonnullis,
2351 2581 2452 2661 qui
2498 2585 2716 2659 poetae

440 2684 622 2748 verba
684 2702 796 2766 pro
869 2684 997 2748 suis
1056 2687 1381 2750 rationibus
1455 2688 1952 2769 interpretantur,
2024 2688 2256 2770 leges
2328 2684 2423 2747 vel
2486 2682 2717 2765 leget

438 2788 791 2853 scribamuS.
823 2789 1193 2871 Participium
1225 2791 1535 2874 legens,
1581 2791 1739 2873 quod
1784 2809 1988 2854 omnes
2032 2790 2162 2855 fere
2196 2788 2372 2854 codd.
2412 2783 2716 2869 praebent,

440 2892 720 2971 Persius,
764 2892 931 2975 cujus
976 2895 1266 2958 sententia
1314 2903 1434 2959 est:
1482 2896 1872 2975 ,‚scribimus‚
1928 2903 1992 2960 ut
2038 2889 2399 2959 recitemus“
2442 2891 2713 2953 insolen-

438 2998 552 3061 tius
612 2996 881 3076 quidem,
938 2998 1047 3062 sed
1107 2997 1323 3063 fortius
1378 3017 1489 3080 pro
1545 3001 1748 3081 partic.
1822 3000 1926 3064 fut.
1987 2995 2331 3078 ‚,lecturus“
2391 3013 2714 3076 usurpasse

440 3100 698 3164 videtur.
743 3100 930 3174 Quam
975 3101 1174 3165 vivida
1221 3111 1281 3166 et
1327 3122 1472 3167 vera
1518 3104 1718 3168 stolidi
1762 3106 1919 3168 illius
1963 3112 2178 3186 poetae
2209 3100 2552 3182 descriptio,
2598 3099 2719 3180 qui,

442 3205 578 3268 dum
646 3223 859 3268 versus
917 3204 1138 3284 fundit,
1204 3208 1566 3271 recitationis
1625 3208 2000 3290 splendorem
2059 3214 2119 3270 et
2184 3208 2453 3289 plausum
2517 3201 2716 3284 populi

441 3311 635 3374 animo
691 3310 1064 3391 praecipiens
1123 3310 1197 3373 ad
1256 3313 1541 3395 majorem
1595 3313 1889 3376 scribendi
1949 3312 2311 3375 celeritatem
2366 3307 2717 3372 incenditur.

441 3415 872 3479 Allocutionem
918 3414 1318 3479 collueris
1363 3416 1500 3479 loco
1546 3416 1781 3478 minime
1826 3424 2021 3498 aptam
2065 3434 2224 3494 esse,
2268 3414 2537 3495 quamvis
2581 3412 2713 3493 ipse

441 3527 665 3583 temere
725 3518 950 3601 leget
1010 3520 1349 3602 scripserit,
1414 3520 1612 3584 Heinr.
1675 3521 1979 3585 intellexit.
2074 3554 2143 3563 -
2186 3519 2291 3581 VV.
2351 3518 2454 3582 23.
2501 3516 2713 3580 Verbis

439 3631 617 3687 cute
663 3622 1033 3705 perditus
1078 3625 1232 3688 illam
1280 3625 1452 3688 animi
1497 3625 1931 3705 conditionem,
1991 3644 2103 3707 qua
2146 3625 2342 3688 innata
2389 3623 2477 3684 vis
2524 3620 2712 3684 omnis

439 3736 717 3808 corruat,
792 3728 1113 3811 significari
1173 3729 1468 3793 Heinrich.
1537 3736 1705 3794 recte
1767 3730 2044 3814 negavit,
2109 3747 2284 3810 quum
2346 3744 2463 3789 non
2535 3725 2713 3787 bomo

441 3832 775 3913 improbus,
830 3832 940 3896 sed
996 3832 1268 3915 stupidus
1314 3841 1374 3896 et
1418 3834 1659 3916 ingenio
1720 3834 1937 3897 obtuso
1982 3830 2402 3917 intelligendus
2448 3832 2556 3908 sit,
2617 3829 2715 3911 qui

439 3935 633 3998 laudis
683 3936 794 3999 sibi
839 3936 1086 3999 tributae
1129 3937 1405 4001 vilitatem
1451 3938 1552 3999 vix
1595 3938 1827 4017 sentiat,
1891 3956 2005 4000 nec
2048 3936 2202 4000 illam
2234 3942 2493 4018 respuat.
2539 3934 2715 4009 Quod

440 4039 576 4109 olim
624 4041 826 4121 putavi
872 4049 1053 4119 „cute
1099 4040 1410 4124 perditus“
1470 4041 1775 4123 proverbii
1822 4041 2015 4104 locum
2061 4041 2362 4120 obtinere,
2417 4048 2480 4102 ut
2524 4040 2718 4104 Grae-

440 4162 572 4206 cum
619 4138 684 4207 έν
727 4140 879 4229 χρῷ,
926 4139 1138 4228 ἐγκυτί
1182 4145 1291 4218 (cf.
1338 4143 1432 4223 111,
1467 4143 1551 4209 30
1595 4163 1764 4228 „ego
1810 4152 1869 4208 te
1915 4146 2072 4208 intus
2112 4151 2172 4208 et
2216 4145 2273 4206 in
2312 4150 2449 4207 cute
2481 4143 2719 4225 novi“),

439 4255 706 4312 nostrum
752 4249 855 4328 „in
898 4247 1008 4314 der
1053 4249 1204 4313 Haut
1246 4246 1654 4329 verdorben,“
1708 4248 1783 4312 ob
1830 4249 1981 4313 banc
2040 4266 2279 4313 causam
2322 4248 2525 4332 rejeci.
