3246 4959
1477 300 1579 373 29

392 489 565 570 thal.,
625 490 961 571 nuperrime
1023 488 1307 553 Kisselius
1365 488 1719 573 probarunt.
1809 488 1945 571 lpse
2007 495 2184 572 poeta
2231 507 2341 570 per
2384 488 2669 552 ludicrum

394 594 681 674 quaedam
727 595 786 658 in
832 596 1185 658 contrariam
1232 602 1457 675 partem
1505 594 1701 673 affert,
1747 594 1939 657 donec
1966 612 2026 656 v.
2077 593 2201 657 103
2235 594 2528 657 liberrima
2574 595 2671 656 in-

394 698 655 781 dignatio
703 701 987 782 erumpitz
1054 699 1260 778 „Haec
1325 700 1529 762 fierent
1576 744 1594 764 .
1640 743 1660 763 .
1707 745 1723 762 .
1764 699 1797 761 ’ἓ
1862 732 1935 742 —-
1997 699 2230 762 Versus
2275 699 2359 761 99
2403 706 2465 761 et
2528 693 2671 775 101,

398 802 524 866 100
568 811 633 866 ot
681 799 827 880 102,
872 803 1132 865 miranda
1179 804 1521 880 carminum,
1567 803 1762 884 qualia
1810 810 1926 865 tum
1972 802 2415 881 scribebantur,
2458 820 2673 864 exem-

396 906 512 989 pla,
557 900 837 971 extremis
894 907 1093 971 verbis
1155 908 1307 971 inter
1352 926 1421 971 se
1468 926 1803 971 consonare
1828 952 1848 986 ,
1908 925 2030 970 non
2075 908 2319 971 fortuito
2365 905 2672 983 accidisse,

397 1010 508 1074 sed
553 1031 586 1074 a
631 1013 832 1075 Persio
872 1013 1197 1094 quaesitum
1241 1031 1378 1075 esse
1423 1010 1692 1091 videtur,
1756 1020 1818 1074 ut
1862 1019 2069 1093 poetas
2108 1011 2240 1074 illos
2286 1011 2476 1095 magis
2519 1008 2671 1072 ridi-

399 1114 566 1179 culos
609 1115 917 1180 redderet.
965 1150 1046 1163 —
1088 1116 1282 1180 Versu
1332 1115 1456 1179 106
1502 1116 1764 1179 nonnulli
1824 1134 1990 1180 suam
2038 1116 2276 1196 probari
2320 1115 2672 1180 sententiam

401 1219 840 1297 existimarunt,
901 1220 1163 1283 Persium
1209 1221 1422 1283 satiras
1467 1219 1650 1284 multo
1705 1219 1912 1284 labore
1959 1228 2019 1283 et
2076 1219 2300 1283 sudore
2363 1218 2672 1299 conscrip-

401 1323 574 1400 sisse,
619 1342 688 1385 ac
732 1325 784 1386 si
830 1324 988 1385 nulla
1033 1325 1273 1387 omnino
1329 1325 1584 1387 carmina
1629 1325 1740 1387 nisi
1784 1342 2010 1387 summa
2057 1326 2229 1387 animi
2275 1324 2676 1397 contentione,

404 1445 558 1507 quae
603 1427 864 1509 pluteum
912 1428 1243 1507 caedenda,
1285 1428 1584 1511 unguibus
1630 1428 2003 1508 arrodendis,
2046 1429 2208 1492 vultu
2237 1427 2566 1511 torquendo
2611 1444 2678 1489 se

404 1530 774 1609 ostenderet,
819 1532 996 1595 scribi
1059 1552 1240 1614 posse
1303 1541 1735 1596 asseverasset.
1802 1531 1883 1595 lta
1943 1552 2097 1613 quae
2142 1534 2419 1611 PersiuS,
2471 1531 2676 1594 verbis

404 1633 538 1697 sere
585 1636 727 1716 ipsis
774 1636 846 1699 ab
869 1637 1113 1700 Horatio
1159 1642 1302 1712 (sat.
1350 1637 1391 1714 l,
1439 1635 1541 1714 10,
1575 1637 1657 1699 70
1700 1637 1816 1713 „Et
1847 1638 1903 1699 in
1935 1656 2116 1701 versu
2141 1637 2436 1701 faciendo.
2481 1637 2676 1715 Saepe

406 1746 585 1820 caput
628 1740 922 1822 scaberet,
966 1743 1133 1805 vivos
1178 1749 1239 1805 et
1280 1741 1525 1806 roderet
1572 1739 1878 1825 ungues“)
1926 1744 2158 1822 petitiS,
2204 1742 2403 1824 lepide
2448 1748 2508 1803 et
2549 1739 2679 1803 fes-

409 1844 529 1905 tive
575 1843 756 1923 dixit,
811 1846 868 1907 in
915 1847 1136 1909 serium
1183 1853 1626 1908 converterunt.
1686 1845 1812 1908 Jam
1878 1846 2269 1920 Quintilianus
2313 1846 2417 1924 (X,
2461 1842 2522 1924 3,
2566 1843 2676 1913 21)

410 1946 583 2019 baec,
630 1966 781 2028 quae
827 1970 937 2032 per
981 1971 1049 2013 se
1094 1950 1586 2031 reprehendenda
1633 1957 1795 2028 sunt,
1840 1950 1948 2013 sed
1996 1951 2263 2013 altiorem
2325 1950 2498 2012 animi
2544 1965 2677 2011 mo-

413 2058 532 2113 tum
571 2054 742 2133 sequi
788 2055 1016 2134 solent,
1060 2054 1295 2118 illorum
1343 2062 1655 2136 poetarum
1718 2055 1775 2116 in
1821 2054 2137 2118 scribendo
2198 2055 2417 2118 levitati
2459 2051 2681 2135 opponi

412 2155 718 2220 intellexit.

586 2259 657 2321 V.
749 2259 892 2325 121.
972 2260 1237 2345 Ineptum
1310 2262 1448 2325 illud
1508 2262 1862 2341 „Auriculas
1924 2262 2069 2325 asini
2132 2263 2310 2344 quis
2372 2280 2525 2327 non
2570 2260 2686 2323 ha-

326 2416 327 2419 ,
415 2361 607 2427 bet?“
656 2365 858 2429 Persio
887 2385 1137 2447 prorsus
1183 2366 1483 2451 indignum
1514 2374 1628 2444 est,
1662 2366 1821 2446 quod
1853 2367 2022 2429 etiam
2069 2367 2290 2440 Heinr.‚
2338 2383 2685 2448 quamquam

416 2469 593 2532 multa
637 2479 842 2535 contra
899 2470 1237 2554 disputavit,
1290 2478 1635 2554 suspectum
1682 2469 1912 2550 habuit,
1958 2490 2160 2552 quum,
2206 2492 2389 2554 prave
2433 2470 2689 2554 quidem,

416 2574 492 2635 ita
537 2574 1024 2659 interpungeret:
1072 2576 1267 2655 „vidi,
1326 2576 1443 2669 yidi
1490 2577 1652 2655 ipse,
1697 2575 1927 2653 libelle,
1972 2577 2268 2639 auriculas
2315 2578 2493 2641 asini:
2555 2576 2688 2655 quis

419 2695 537 2740 non
584 2678 853 2743 habet?“
920 2679 1044 2745 Sed
1093 2680 1232 2763 jure
1295 2680 1518 2762 optimo
1565 2678 1825 2743 Orellius
1886 2679 2027 2741 illud
2088 2682 2261 2761 „quis
2306 2699 2427 2744 non
2472 2677 2687 2742 habet‘f

420 2790 556 2862 post
630 2781 834 2861 ‚,vidi“
898 2784 1186 2847 insulsum
1239 2783 1523 2865 judicavit
1595 2791 1656 2846 et
1715 2783 2001 2846 exsulare
2049 2785 2251 2866 jussit.
2341 2785 2532 2859 Quum
2589 2783 2691 2846 illo

421 2885 611 2964 „vidi,
674 2886 834 2950 vidi“
881 2906 978 2951 res
1042 2896 1202 2951 certa
1247 2885 1653 2971 significetur,
1710 2887 1932 2950 verba:
1993 2908 2162 2966 „aun
2206 2890 2350 2952 asini
2395 2889 2527 2970 quis
2573 2904 2693 2949 non

426 2984 694 3055 babet?“
756 2992 1063 3055 admodum
1128 2993 1415 3076 languent
1472 2986 1753 3074 omnique
1815 2991 1943 3055 fere
2009 3012 2191 3056 sensu
2238 3002 2460 3056 carent.
2518 2990 2694 3054 Jahn.

425 3102 510 3179 (p.
561 3094 704 3160 113.
752 3096 922 3177 proli.
970 3116 1024 3179 p.
1074 3100 1177 3175 75,
1220 3097 1334 3171 80)
1381 3096 1555 3175 illud,
1600 3097 1761 3177 quod
1821 3098 1875 3158 in
1924 3098 1979 3159 in
2026 3099 2143 3159 vita
2190 3105 2500 3176 narratur,
2545 3095 2696 3158 Per-

424 3203 572 3265 sium
628 3201 818 3282 ipsum
863 3200 1059 3279 „Mida
1115 3198 1271 3264 rex“
1317 3201 1670 3281 scripsisse,
1752 3199 2109 3276 Cornutum,
2164 3220 2246 3267 ne
2291 3202 2454 3265 Nero
2523 3200 2579 3262 in
2625 3218 2698 3262 se

427 3307 647 3369 dictum
693 3311 962 3386 putaret,
1024 3312 1311 3384 mutasse,
1355 3323 1475 3367 non
1521 3311 1748 3367 temere
1791 3303 2195 3386 rejiciendum,
2239 3325 2354 3369 nec
2400 3304 2572 3367 fidem
2618 3303 2697 3366 illi

430 3409 842 3492 denegandam
891 3427 1031 3472 esse
1079 3410 1301 3491 optime
1336 3407 2208 3472 demonstravit.—-Vocabulo
2254 3417 2570 3490 paratus
2615 3410 2699 3484 (v.

433 3512 596 3595 1323
641 3512 737 3591 Vl,
781 3506 901 3586 36)
947 3512 1256 3578 Juvenalis
1301 3532 1543 3595 quoque
1588 3513 1942 3594 frequenter
2008 3532 2153 3576 usus
2198 3522 2290 3577 est
2335 3513 2473 3591 (111,
2544 3512 2665 3574 106
2681 3532 2701 3588 ;

432 3617 529 3698 Vl,
577 3619 688 3693 16,
744 3620 918 3696 2443
962 3617 1064 3698 IX,
1110 3623 1179 3697 7,
1223 3619 1343 3695 493
1404 3617 1569 3697 Xlll,
1621 3614 1775 3694 1083
1830 3616 1959 3696 XV,
2011 3616 2186 3693 102).
2234 3618 2347 3697 llli,
2406 3619 2505 3700 qui
2550 3618 2703 3680 Per-

433 3724 583 3787 sium
630 3731 1022 3805 „perpetuum
1072 3724 1289 3787 Horatii
1334 3721 1725 3786 imitatorem“
1790 3722 1979 3784 fuisse
2025 3723 2421 3785 minutissimis
2465 3738 2705 3803 quoque

432 3828 615 3892 rebus
660 3828 958 3909 probarae
1002 3828 1388 3905 studuerunt,
1434 3829 1622 3908 ipsum
1668 3826 2016 3889 Juvenalem
2044 3872 2062 3904 ,
2137 3827 2234 3906 qui
2281 3827 2544 3889 Persium
2592 3844 2704 3887 ne-

435 3931 703 4012 glexisse
751 3931 1006 4009 videtur,
1045 3931 1333 3995 interdum
1380 3931 1532 3995 illius
1576 3932 1767 3994 verba
1799 3932 1923 3994 suis
1967 3931 2371 4011 expressisse,
2401 3931 2496 3994 vel
2542 3936 2708 3992 certe

439 4044 574 4099 ante
620 4036 830 4099 oculos
874 4034 1156 4098 habuisse
1219 4054 1313 4098 me
1359 4035 1685 4098 ostendere
1747 4036 2107 4116 permittent.
2153 4034 2330 4115 Loci,
2391 4034 2452 4096 in
2496 4032 2708 4115 quibus
2768 4037 2774 4042 '

441 4139 684 4221 offendi,
726 4140 786 4203 hi
828 4146 998 4206 suntx
