3246 4959
1626 286 1725 361 28

539 469 772 536 minime
816 471 1185 551 defenditur,
1219 492 1397 555 quum
1441 474 1542 538 ille
1609 477 1895 557 Persium,
1932 498 2056 544 non
2102 489 2165 546 ut
2207 485 2460 549 verbum
2505 485 2582 550 de
2605 486 2814 552 “verbo

539 578 923 657 exprimeret,
968 587 1170 661 aperte
1215 581 1494 655 imitatus,
1550 601 1718 663 rem,
1765 600 1937 664 quam
1985 587 2224 652 Persius
2272 588 2587 670 describit,
2647 592 2816 672 quasi

545 683 914 761 praeteriens
986 692 1206 749 narret.
1320 686 1604 749 Particula
1697 706 1858 752 cum
1939 699 2179 774 recepta
2260 695 2577 758 verborum
2663 695 2815 758 ordo

544 788 925 866 pervertitur,
970 789 1069 869 qui
1099 788 1193 851 bic
1223 797 1346 856 estz
1392 788 1564 853 Unde
1592 790 1813 854 Remus
1860 801 1921 857 et
1964 801 2025 858 tu
2057 795 2288 878 Quinti,
2334 815 2506 878 quem
2553 779 2843 862 arantem>

546 908 702 954 uxor
748 890 1088 955 dictatorem
1133 892 1315 956 induit
1359 901 1421 957 et
1466 895 1557 957 cui
1616 903 1813 958 aratra
1855 895 2030 961 lictor
2089 899 2320 964 domum
2368 903 2510 967 tulit.
2553 903 2818 984 Jahnius,

544 994 720 1058 codd.
766 997 1007 1060 minoris
1052 996 1281 1075 facere,
1325 1017 1495 1079 quam
1542 1002 1888 1064 sententiam
1933 1020 2049 1064 non
2096 1023 2297 1084 ausus,
2342 1024 2668 1087 pronomen
2712 1027 2817 1071 re-

545 1100 782 1163 lativum
830 1102 1021 1182 aptius
1046 1121 1205 1181 esse,
1237 1120 1411 1184 quam
1444 1104 1784 1184 particulam
1830 1124 2014 1186 cum,
2061 1108 2171 1171 sed
2207 1108 2480 1174 librarios
2508 1113 2566 1175 in
2613 1130 2686 1174 eo
2715 1112 2819 1175 os-

543 1204 829 1284 fendisse,
875 1205 1037 1286 quod
1084 1225 1256 1287 pron.
1300 1207 1469 1270 relat.
1516 1226 1685 1289 pron.
1734 1227 1895 1291 posS.
1942 1220 2248 1295 sequatur,
2291 1223 2458 1295 recte
2490 1216 2819 1298 perspexit.

542 1312 622 1375 At
663 1310 833 1374 simili
879 1311 1112 1374 licentia
1158 1320 1337 1393 poeta
1381 1332 1435 1375 v.
1488 1309 1611 1376 115
1657 1313 1955 1395 loquiturz

1067 1431 1273 1495 „Secuit
1310 1430 1522 1485 Lucilius
1556 1432 1749 1497 urbem,

1068 1518 1140 1571 'l'e
1179 1518 1322 1587 Lupi,
1359 1528 1409 1571 te
1444 1520 1575 1573 Muci
1611 1529 1662 1572 et
1695 1523 1965 1591 genuinum
2002 1522 2151 1592 fregit
2184 1524 2254 1575 in
2289 1523 2476 1578 illis“
2517 1566 2520 1569 Α

544 1622 821 1688 Ceterum
881 1625 1060 1689 lectio
1150 1646 1368 1708 quem
1427 1645 1504 1689 eo
1577 1626 1873 1707 firmatur,
1933 1629 2091 1710 quod
2169 1631 2225 1693 in
2283 1630 2588 1714 plerisque
2643 1631 2821 1697 codd.

549 1748 761 1810 „quem
816 1766 883 1779 -
937 1728 1329 1793 dictaturam“
1370 1730 1614 1813 legitur.
2604 1797 2609 1801 .

715 1833 961 1897 Jahnius
1005 1841 1170 1897 reete
1215 1835 1389 1913 fecit,
1446 1834 1606 1915 quod
1654 1855 1707 1897 v.
1751 1835 1837 1899 86
1881 1856 2011 1900 cum
2056 1839 2257 1905 Heinr.
2301 1847 2364 1904 et
2405 1840 2671 1904 Bentleio
2717 1839 2824 1914 (ad

549 1940 689 2002 Hor.
738 1945 849 2002 sat.
894 1937 940 2016 1,
989 1939 1093 2018 10,
1127 1939 1240 2015 ⁷8)
1286 1939 1343 2000 in
1390 1937 1485 2001 ed.
1532 1940 1666 2003 min.
1712 1940 1840 2003 Jos.
1873 1941 2159 2025 Scaligeri
2207 1945 2602 2027 conjecturam
2649 1944 2822 2007 doc-

546 2050 697 2124 tus,
737 2060 890 2124 quae
935 2043 1064 2106 sola
1109 2044 1313 2107 Persio
1359 2042 1534 2126 digna
1581 2051 1644 2108 et
1686 2044 1817 2108 fere
1862 2049 2201 2110 necessaria
2235 2047 2372 2111 mihi
2416 2048 2676 2127 videtur,
2716 2067 2824 2112 re-

546 2149 725 2229 cepit.
770 2148 904 2212 Non
946 2148 1197 2232 figurae,
1241 2147 1457 2230 quibus
1503 2155 1710 2212 orator
1741 2150 2069 2213 orationem
2116 2152 2521 2232 exornaverit,
2565 2152 2674 2215 sed
2723 2171 2824 2217 ars

544 2254 656 2318 illis
703 2250 1019 2316 commode
1079 2252 1277 2315 utendi
1321 2250 1612 2316 laudatur.
1671 2284 1750 2295 -—
1816 2253 2017 2318 Heinr.
2077 2274 2133 2317 v.
2196 2252 2280 2320 90
2341 2248 2497 2320 bene
2540 2264 2825 2339 portas

543 2358 802 2440 scripsit,
858 2375 1038 2439 quum
1098 2356 1421 2440 naufragus
1493 2355 1819 2420 calamitate
1887 2359 2152 2423 canenda
2203 2362 2326 2444 Jam
2380 2361 2591 2442 stipem
2653 2360 2827 2424 colli-

543 2482 696 2548 gens
741 2461 1130 2527 describatur.

717 2567 782 2631 ln
826 2567 1104 2631 versibus
1150 2567 1250 2647 qui
1296 2574 1630 2649 sequuntur
1662 2566 2044 2649 disponendis
2082 2568 2350 2633 editores
2387 2571 2630 2636 multum
2674 2569 2828 2634 inter

543 2693 611 2737 se
656 2672 1026 2737 dissentiunt.
1083 2672 1399 2736 Heinrichii
1462 2680 1521 2735 et
1583 2673 1901 2754 Hermanni
1988 2691 2270 2736 versuum
2334 2675 2520 2754 ordo,
2582 2693 2662 2737 ex
2706 2692 2826 2756 quo

544 2796 645 2840 vv.
706 2778 788 2841 92
810 2773 962 2840 -97
1036 2774 1414 2855 adversario,
1483 2777 1700 2859 reliqui
1763 2785 1981 2859 poetae
2025 2778 2397 2857 tribuuntur,
2475 2779 2585 2841 etsi
2644 2777 2827 2842 multo

546 2883 756 2946 melior
800 2889 916 2962 est,
961 2901 1135 2964 quam
1179 2882 1440 2962 illorum,
1478 2882 1578 2963 qui
1604 2881 1873 2966 singulos
1917 2886 2138 2946 vorsus
2185 2890 2249 2946 ut
2289 2883 2346 2944 in
2380 2881 2686 2946 comoedia
2729 2883 2827 2944 in-

545 2997 640 3052 ter
685 2987 952 3052 Persium
1014 2995 1072 3048 et
1117 2986 1516 3050 adversarium
1563 2986 1994 3050 distribuerunt
2055 3005 2123 3050 ac
2183 2986 2314 3050 fere
2358 2986 2830 3068 discerpserunt,

545 3110 726 3156 verus
773 3092 910 3154 mihi
955 3108 1073 3154 non
1120 3090 1375 3153 videtur.
1441 3090 1909 3170 Adversarium,
1972 3090 2254 3154 acerbum
2300 3090 2440 3155 illud
2486 3089 2828 3170 „Claudere

544 3198 633 3262 sic
675 3214 918 3260 versum
962 3193 1204 3258 didicit“
1255 3194 1530 3275 proloqui
1575 3195 1733 3258 haud
1778 3197 2057 3276 veritum,
2102 3204 2168 3261 ut
2211 3213 2590 3258 numerorum
2636 3194 2826 3258 deco-

544 3321 672 3366 rem
713 3309 775 3366 et
819 3300 1177 3383 elegantiam
1206 3299 1495 3378 laudaret,
1540 3320 1621 3363 ex
1667 3300 2022 3363 carminibus
2044 3308 2379 3382 poetarum,
2424 3316 2578 3380 quos
2626 3298 2832 3362 defeu-

547 3407 647 3484 dit,
692 3405 909 3470 tumida
949 3422 1346 3485 quaecunque
1392 3411 1453 3467 et
1482 3405 1675 3467 inflata
1705 3404 1989 3488 elegisse,
2033 3404 2193 3467 credi
2238 3423 2355 3467 non
2401 3410 2618 3485 potest.
2664 3401 2832 3465 Neve

545 3527 694 3575 vero
737 3528 871 3573 cum
918 3509 1243 3574 Duebnero
1287 3509 1423 3573 illos
1469 3526 1687 3571 versus
1732 3527 1811 3572 ex
1855 3508 2097 3592 ingenio
2144 3527 2216 3571 ac
2257 3507 2472 3572 studiis
2517 3512 2830 3588 poetarum

545 3617 701 3680 illius
745 3616 953 3679 aetatis
1014 3634 1046 3677 a
1103 3614 1305 3676 Persio
1383 3615 1513 3694 ipso
1562 3611 1730 3675 fictos
1791 3621 1853 3676 et
1908 3614 2295 3676 concinnatos
2339 3610 2663 3674 existimeS.
2707 3609 2834 3672 VV.

545 3723 648 3785 96.
693 3716 800 3798 97,
845 3719 1061 3801 quibus
1102 3718 1331 3802 Virgilii
1365 3736 1508 3799 prae
1552 3716 1783 3780 illorum
1830 3724 2062 3781 tumore
2109 3725 2169 3780 et
2213 3716 2449 3797 ineptiis
2474 3714 2833 3797 praestantia

543 3812 834 3902 ¹audatur,
877 3824 1065 3887 Persii
1110 3824 1294 3903 ipsius
1339 3839 1481 3885 esse
1508 3820 1679 3885 Jahn.
1709 3830 1876 3884 recte
1921 3821 2227 3884 intellexit.
2272 3820 2487 3884 Melius
2524 3819 2642 3901 jam
2676 3818 2836 3881 Her-

545 3933 729 3995 derus
773 3931 1023 4013 primum
1069 3936 1289 3991 tantum
1334 3944 1577 3989 versum
1623 3924 1995 4005 adversario,
2038 3926 2310 4006 reliquos
2356 3940 2569 3987 omnes
2608 3928 2832 4003 poetae

545 4035 957 4101 attribuendus
1005 4052 1145 4098 esse
1183 4032 1482 4116 judicavit.
1554 4030 1784 4112 Optima
1830 4038 1888 4092 et
1932 4031 2109 4093 unice
2168 4047 2312 4092 vera
2369 4026 2560 4091 Reizii
2606 4025 2832 4090 scholi·

547 4149 752 4220 astam,
798 4140 898 4221 qui
938 4138 1267 4204 adversarii
1314 4155 1389 4199 ne
1435 4137 1790 4200 mentionem
1838 4134 2077 4216 quidem
2124 4134 2290 4213 fecit,
2349 4131 2540 4197 secuti
2585 4138 2835 4194 senten-

553 4248 628 4311 tia
677 4246 815 4310 mibi
860 4244 1114 4324 videtur,
1161 4242 1460 4326 dialogum
1505 4241 1600 4304 hic
1643 4239 1861 4303 nullum
1907 4257 2069 4321 esse,
2113 4257 2291 4322 quam
2339 4235 2626 4316 Orellius,
2667 4234 2830 4299 Hau-
