3246 4959
1665 290 1760 367 16

570 480 998 563 philosophiam
1059 481 1332 547 inductus
1389 477 1525 546 est“
1599 488 1663 545 et
1731 478 2007 562 profecto
2085 464 2361 562 majorem
2437 477 2848 562 philosophiae

569 603 852 664 amorem,
896 604 1071 668 quam
1116 594 1453 650 accuratam
1498 584 1899 670 cognitionem
1944 583 2002 645 in
2049 583 2238 649 Persii
2282 584 2478 649 satiris
2523 584 2847 648 inveneris.

572 689 984 772 Philosophiae
1027 690 1254 754 stoicae
1300 697 1438 754 tunc
1482 689 1614 752 fere
1660 689 1916 770 optimus
1943 687 2198 769 quisque
2242 705 2311 752 se
2362 686 2523 751 dedit
2565 686 2638 750 ad
2683 705 2850 752 eam·

571 812 688 874 que
731 812 960 874 omnes,
1004 795 1103 874 qui
1149 794 1470 857 Romanum
1517 793 1772 856 animum
1818 799 2232 873 servaverant,
2273 791 2642 876 refugerunt.
2689 791 2850 856 Cae-

568 898 720 962 sium
774 898 1021 962 Bassum
1090 906 1326 980 poetam
1388 906 1451 961 et
1495 897 1908 980 Calpurnium,
1945 897 2023 961 de
2082 914 2205 977 quo
2261 896 2401 959 nihil
2462 896 2597 960 fere
2645 904 2847 960 notum

571 1007 684 1079 est,
728 1021 762 1065 a
807 1003 992 1084 prima
1035 1002 1438 1067 adolescentia
1481 1003 1698 1065 amicos
1740 1002 1963 1082 habuit,
2005 1020 2159 1086 „per
2204 1001 2525 1066 Cornutum
2568 1001 2852 1083 coguovit

571 1107 746 1170 etiam
791 1105 1152 1185 Lucanum‚“
1222 1107 1471 1171 Claudio
1516 1106 1814 1190 Agathino
1859 1106 2086 1171 medico
2131 1105 2602 1169 Lacedaemonio
2648 1106 2849 1168 etPe-

572 1211 764 1274 tronio
825 1209 1195 1274 Aristocrate
1253 1212 1568 1295 Magnete,
1630 1210 1731 1292 qui
1808 1209 2193 1293 condiscipuli
2260 1210 2544 1291 aequales
2605 1208 2848 1273 Cornuti

569 1316 802 1378 domum
864 1314 1354 1396 frequentabant,
1425 1314 1783 1379 familiariter
1843 1334 2019 1396 usuS,
2080 1315 2335 1396 denique
2393 1333 2524 1379 cum
2595 1313 2847 1382 Servilio

569 1419 859 1498 Noniano,
905 1419 1091 1483 Plotio
1135 1420 1422 1497 Macrino,
1470 1421 1646 1483 Paeto
1694 1420 1977 1499 Thrasea,
2023 1419 2165 1482 viris
2210 1419 2477 1482 doctrina
2505 1437 2576 1482 ac
2618 1436 2848 1481 morum

570 1523 878 1586 sanctitate
931 1522 1145 1602 clariS‚
1189 1542 1301 1586 usu
1361 1523 1690 1588 domestico
1767 1531 1948 1604 atque
2016 1522 2445 1586 consuetudine
2503 1523 2847 1605 conjunctus

572 1634 684 1691 est.
732 1626 996 1689 Persium
1042 1645 1173 1689 cum
1217 1634 1305 1691 tot
1347 1629 1589 1692 summis
1637 1628 1781 1691 viris
1833 1627 2098 1709 quotidie
2160 1626 2293 1691 fere
2354 1634 2766 1692 conversatum
2810 1647 2846 1690 a

572 1731 848 1794 convictu
891 1729 1147 1794 humano
1195 1750 1442 1813 prorsus
1489 1732 1742 1805 alienum
1789 1730 1979 1795 fuisse
2027 1739 2089 1795 et
2134 1733 2327 1810 „vitae
2361 1732 2561 1795 nescio
2594 1727 2849 1796 errore⁴⁴

574 1832 678 1917 (V,
722 1834 838 1910 39)
884 1843 1116 1917 captum
1162 1836 1221 1897 in
1266 1834 1509 1898 scholae
1555 1836 1780 1900 umbris
1842 1835 2101 1899 abditum
2162 1833 2464 1899 delituisse
2522 1837 2625 1899 vix
2683 1832 2848 1899 credi

572 1945 790 2021 potest.
836 1937 1233 2021 Singularem
1260 1939 1444 2002 Persii
1505 1948 1689 2003 artem
1751 1948 1929 2022 atque
1997 1941 2271 2003 virtutem
2333 1940 2392 2003 in
2440 1939 2846 2004 describendis

571 2040 868 2105 hominum
915 2043 1181 2106 moribus
1227 2044 1488 2125 conspici
1534 2061 1655 2106 non
1700 2052 1791 2107 est
1836 2045 1936 2125 qui
1981 2045 2309 2125 negaverit.
2401 2044 2609 2108 Paucis
2649 2043 2849 2108 verbis

569 2147 798 2209 illorum
862 2153 1125 2210 naturam
1206 2155 1317 2209 tam
1381 2146 1566 2228 probe
1625 2147 1920 2229 depinxit,
1966 2148 2198 2210 illorum
2259 2166 2591 2211 sermonem
2651 2148 2848 2211 subtili

573 2252 891 2313 imitatione
936 2259 1050 2314 tam
1114 2252 1431 2334 eleganter
1474 2260 1532 2315 et
1577 2252 1887 2315 commode
1957 2252 2294 2332 expressit,
2350 2259 2415 2313 ut
2459 2270 2590 2315 cum
2636 2252 2705 2314 iis
2750 2252 2845 2313 vi-

574 2373 718 2419 vere
765 2364 823 2418 et
869 2356 1031 2437 loqui
1076 2356 1419 2435 videamur,
1465 2375 1636 2437 quam
1681 2374 1804 2417 rem
1849 2356 2170 2419 Meisterus
2217 2355 2454 2427 (Letzte
2499 2356 2743 2421 Studien
2788 2372 2845 2436 p.

571 2457 655 2523 30
704 2464 867 2541 sqq.)
916 2467 975 2524 et
1020 2459 1262 2525 Jahnius
1311 2459 1509 2543 (proll.
1558 2479 1615 2542 p.
1662 2458 1767 2525 83.
1819 2457 1944 2524 104
1982 2460 2147 2542 sqq.)
2208 2461 2537 2525 accuratius
2582 2460 2849 2543 explica—

571 2570 729 2625 runt.
775 2563 947 2628 Adde
994 2565 1201 2628 similia
1250 2585 1284 2627 e
1331 2565 1447 2628 vita
1494 2565 1834 2645 quotidiana
1896 2567 2072 2646 petita
2135 2573 2196 2628 et
2242 2566 2587 2647 proverbia,
2634 2565 2847 2646 quibus

571 2666 927 2748 saepissime
973 2668 1175 2745 utitur,
1219 2668 1331 2754 (cf.
1372 2668 1543 2732 Jahn.
1592 2687 1650 2749 p.
1706 2668 1906 2745 106);
1964 2670 2290 2750 scriptores
2357 2668 2513 2733 docti
2560 2668 2656 2733 illa
2702 2669 2848 2731 des-

568 2770 789 2852 piciunt
833 2778 894 2833 et
937 2779 1351 2851 contemnunt,
1396 2790 1551 2854 quae
1611 2773 1711 2854 qui
1772 2773 1875 2852 „in
1937 2772 2103 2835 hisce
2162 2773 2424 2855 quotidie
2483 2771 2848 2837 versantur“

568 2868 766 2955 (Jahn.
813 2875 927 2950 ib.)
975 2875 1260 2941 adhibere
1301 2876 1515 2940 solent.
2823 2940 2829 2945 .

741 2978 916 3052 Quod
958 2978 1201 3042 Jahnius
1245 2978 1416 3042 docta
1462 2980 1810 3061 quaestione
1858 2979 1931 3042 de
1973 2981 2158 3043 mimis
2215 2982 2472 3044 instituta
2534 2983 2629 3062 (p.
2675 2978 2844 3045 82—

574 3081 730 3157 104)
776 3082 1033 3165 probare
1071 3084 1338 3161 tentavit,
1385 3083 1645 3146 Persium
1690 3091 1878 3146 artem
1927 3102 2085 3165 quae
2131 3084 2211 3146 illi
2243 3084 2517 3148 tribuitur
2563 3085 2844 3147 mimicam

571 3188 692 3249 acri
738 3206 809 3250 ac
853 3186 1110 3269 diligenti
1165 3187 1362 3250 studio
1408 3188 1467 3250 in
1511 3187 1840 3269 Sophronis
1885 3189 2239 3252 carminibus
2286 3191 2476 3270 posito
2520 3188 2632 3252 sibi
2678 3208 2848 3260 com·—

570 3308 829 3371 parasse‚
873 3292 1049 3354 nullis
1095 3301 1363 3355 veterum
1409 3293 1764 3374 scriptorum
1829 3294 2173 3356 testimoniis
2239 3293 2633 3358 confirmatur.
2698 3294 2842 3368 Per÷

569 3395 697 3458 sius
756 3394 908 3458 illam
968 3415 1139 3478 quam
1187 3396 1416 3460 laudavi
1477 3404 1662 3459 artem
1724 3413 1843 3459 non
1905 3396 2101 3459 studio
2161 3397 2388 3475 didicit,
2431 3397 2540 3460 sed
2600 3415 2675 3458 ex
2732 3398 2846 3460 vita

569 3500 699 3580 ipsa
745 3501 992 3582 arripuit
1038 3509 1097 3564 et
1142 3502 1310 3581 quasi
1352 3499 1548 3564 dotem
1596 3521 1631 3564 a
1677 3507 1886 3563 natura
1932 3502 2174 3583 accepit.
2235 3502 2360 3581 llle,
2405 3503 2503 3583 qui
2552 3501 2845 3564 hominum

569 3604 1056 3667 consuetudinem
1120 3604 1438 3667 fastidiisse
1501 3604 1750 3682 dicitur,
1810 3605 1910 3685 qui
1975 3606 2232 3685 potuerit
2298 3606 2528 3668 illorum
2585 3613 2847 3668 naturam

570 3715 682 3770 tam
732 3709 887 3772 bene
933 3710 1226 3791 cognitam
1275 3709 1537 3788 habere,
1600 3716 1716 3772 tam
1778 3708 1852 3770 ad
1908 3727 2114 3771 verum
2173 3710 2546 3791 exprimere,
2592 3717 2655 3773 ut
2711 3708 2849 3790 quid

571 3813 820 3876 maxime
867 3831 1164 3894 quemque
1212 3812 1440 3891 deceat,
1486 3812 1625 3893 quid
1671 3813 1958 3894 cujusque
2021 3815 2097 3876 sit
2154 3815 2407 3876 maxime
2453 3833 2645 3893 suum,
2689 3830 2846 3875 nun-

572 3934 747 3997 quam
795 3918 1031 3980 nescius
1079 3916 1204 3981 sit?
1263 3918 1421 3979 llaec
1477 3916 1666 3978 Persii
1728 3905 2046 4001 ἠθοποᾶα
2090 3925 2151 3981 et
2195 3908 2490 4002 ἐνάργεια
2545 3937 2619 3981 eo
2662 3918 2846 4001 magis

572 4019 926 4083 admirabilis
975 4028 1087 4099 est,
1135 4039 1258 4104 quo
1305 4019 1588 4083 difficilius
1650 4029 1763 4101 est,
1822 4022 2133 4085 satirarum
2179 4024 2534 4106 scriptorem
2581 4023 2651 4085 iis
2695 4038 2847 4084 con-

572 4125 743 4187 tineri
792 4123 1023 4204 linibuS,
1083 4143 1277 4207 „quos
1338 4124 1487 4188 ultra
1560 4125 1825 4207 citraque
1896 4127 2095 4208 nequit
2165 4127 2496 4190 consistere
2553 4122 2848 4202 rectum,“

574 4246 753 4313 quum
815 4228 1053 4313 longius
1112 4229 1172 4291 in
1233 4229 1481 4322 singulis
1543 4228 1938 4314 depingendis
1998 4238 2395 4293 commoratus
2456 4232 2671 4295 satirae
2728 4230 2848 4308 vim
