3246 4959
1644 290 1738 365 18

553 481 728 546 animi
771 480 1200 546 sollicitudines
1244 479 1578 559 sublevant,
1622 487 1801 562 poeta
1848 479 2144 560 satiricus,
2186 497 2342 561 quae
2385 479 2445 543 in
2490 496 2612 544 uno
2637 480 2835 562 aliquo

553 585 967 668 reprehendit,
1012 604 1132 648 non
1166 584 1390 663 solum,
1437 593 1499 648 ut
1541 602 1752 648 omnes
1796 584 1982 647 vitent
2025 584 2300 665 illiusque
2345 584 2660 648 dissimiles
2705 586 2837 661 sint,

552 698 783 770 monet,
842 689 953 754 sed
999 691 1207 767 etiam,
1267 707 1384 769 quo
1430 707 1627 753 mores
1670 689 1903 752 illorum
1947 689 2250 769 emendet,
2303 689 2654 773 gravissima
2698 688 2835 770 phi-

554 793 939 876 losophorum
1008 802 1323 876 praecepta
1381 793 1664 877 adjungit.
1741 794 2012 873 Persius,
2070 812 2250 875 quum
2315 794 2449 857 vitia
2486 793 2606 875 jam
2652 811 2835 875 prae-

552 897 748 963 valida
807 900 865 960 in
928 898 1059 962 dies
1106 898 1525 963 increbescere
1571 898 1838 978 videret,
1896 916 2066 978 spem
2126 899 2388 963 melioris
2430 916 2634 961 rerum
2680 914 2834 959 con-

553 1001 828 1080 ditionis,
862 1002 1047 1085 quod
1091 1004 1398 1066 ‚iuvenalis
1457 1002 1622 1081 fecit,
1682 1021 1799 1065 non
1845 1003 2086 1085 abjecit;
2148 1002 2559 1084 philosophiae
2602 1000 2835 1080 solatia,

553 1106 901 1171 medicinam
947 1106 1206 1185 doloris,
1260 1108 1576 1189 requirens
1619 1125 1801 1184 verae
1863 1125 1934 1170 ac
1976 1106 2204 1170 solidae
2250 1107 2477 1170 virtutis
2522 1105 2833 1190 imaginem

547 1211 921 1292 hominibus,
965 1229 1140 1293 quam
1185 1212 1558 1291 intueantur,
1602 1212 1899 1295 proponit.

1611 1505 1673 1574 §-
1720 1499 1783 1564 6.

729 1654 842 1734 lis,
902 1674 1055 1736 quae
1100 1655 1175 1717 de
1219 1655 1526 1718 satirarum
1573 1655 1762 1719 Persii
1823 1661 2031 1719 natura
2078 1652 2407 1734 disputavi,
2469 1670 2696 1734 pauca,
2752 1671 2831 1715 ne

555 1759 696 1840 quid
757 1759 980 1823 deesse
1036 1760 1346 1838 videatur,
1408 1760 1485 1823 de
1545 1777 1830 1824 sermone
1892 1778 2010 1840 quo
2066 1778 2211 1822 usus
2272 1766 2364 1821 est
2410 1757 2634 1822 addere
2677 1774 2832 1819 con-

554 1865 734 1927 stitui.
780 1865 1105 1927 Decantata
1151 1864 1336 1928 Persii
1374 1864 1705 1928 obscuritas
1752 1872 1842 1926 est
1875 1863 1966 1942 Ὅ,
2013 1880 2167 1943 quae
2214 1862 2472 1924 virorum
2519 1860 2829 1923 doctorum

553 1966 763 2030 studiis
810 1969 1093 2050 curisque
1151 1969 1368 2031 minuta
1424 1986 1497 2031 an
1554 1976 1722 2030 aucta
1768 1969 1844 2032 sit
1889 1967 2198 2029 dubitatur.
2255 1965 2525 2028 Diversis
2580 1964 2832 2044 quibus-

558 2087 794 2151 cunque
841 2071 1071 2134 illorum
1118 2073 1428 2135 sententiis
1473 2072 1858 2136 recensendis
1918 2079 1976 2134 et
2018 2070 2450 2153 perlustrandis
2495 2068 2831 2150 intelligen-

552 2176 691 2238 tiam
753 2175 1066 2238 obscurari
1125 2178 1350 2257 potiuS,
1427 2194 1599 2256 quam
1662 2177 1941 2241 illustrari
2006 2175 2254 2238 Jahnius
2308 2182 2477 2238 recte
2527 2172 2831 2256 judicavit.

552 2278 847 2342 Tralatitia
894 2279 990 2342 illa
1038 2280 1415 2344 obscuritatis
1452 2283 1735 2363 opinione
1781 2281 1935 2344 ducti
1983 2282 2218 2362 priores
2263 2288 2426 2342 certe
2469 2279 2832 2358 interpretes

555 2401 711 2465 quae
756 2384 900 2446 satis
947 2383 1104 2446 clara
1162 2392 1361 2463 erant,
1424 2386 1680 2449 obscura
1741 2384 2128 2448 reddiderunt
2180 2384 2624 2465 simplicemque
2683 2397 2835 2442 ver-

553 2489 764 2552 borum
812 2488 1082 2552 ordinem
1142 2489 1561 2571 perturbarunt
1623 2509 1694 2553 ac
1753 2497 2168 2571 perverterunt
2228 2490 2522 2562 (Persium
2566 2494 2632 2549 ut
2674 2484 2831 2551 idem

553 2593 810 2656 Montius
859 2592 1018 2672 dicit,
1063 2593 1162 2672 „in
1211 2611 1289 2656 un
1333 2593 1474 2679 lago
1520 2594 1578 2656 di
1605 2593 1791 2658 note“
1837 2594 2263 2667 suffocarunt).
2309 2593 2690 2675 Quapropter
2734 2589 2832 2670 qui

552 2696 740 2760 Persii
799 2698 1013 2760 satiras
1058 2698 1306 2779 primum
1353 2700 1482 2762 sine
1528 2701 1964 2764 commentariis
2009 2699 2260 2782 legerit,
2322 2695 2596 2759 nonnulla
2642 2694 2829 2756 statim

552 2817 673 2864 non
720 2802 1037 2883 percipiet,
1099 2801 1211 2866 sed
1259 2803 1555 2883 Persium,
1605 2805 1726 2887 Jam
1771 2803 2127 2886 primoribus
2183 2801 2366 2865 labris
2433 2800 2831 2885 degustatum,

555 2913 763 2986 postea
809 2904 1019 2967 melius
1064 2905 1371 2990 intelliget.
1433 2907 1777 2971 Obscuritas
1825 2907 2106 2990 quaedam
2152 2906 2249 2969 vel
2293 2924 2495 2969 rerum
2545 2903 2638 2966 vel
2682 2920 2832 2965 ver-

554 3008 764 3071 borum
826 3009 1097 3072 omnibus
1161 3012 1355 3090 poetis
1411 3012 1663 3075 satiricis
1724 3013 2050 3075 communis
2112 3017 2239 3090 est,
2298 3028 2498 3092 neque
2557 3009 2698 3070 vitio
2759 3006 2832 3068 iis

554 3112 873 3187 vertenda3
922 3112 1135 3191 multa,
1182 3131 1334 3194 quae
1378 3116 1553 3178 nobis
1599 3117 1855 3179 obscura
1899 3116 2203 3193 videntur,
2250 3132 2427 3195 quum
2476 3111 2833 3176 scribeban-

551 3223 680 3296 tur,
741 3215 1013 3279 omnibus
1058 3218 1367 3281 notissima
1423 3229 1620 3298 erant,
1680 3239 1833 3302 quae
1887 3220 2133 3284 brevius
2189 3218 2338 3281 dicta
2399 3217 2832 3299 conquerimur,

553 3319 668 3382 illis
712 3319 806 3382 vel
850 3337 974 3383 uno
1021 3321 1209 3384 verbo
1252 3323 1395 3386 satis
1445 3324 1871 3391 indicabantur.

725 3423 1033 3488 Nonnullis
1093 3425 1330 3507 quidem
1390 3427 1536 3491 locis
1597 3429 1838 3493 Persius
1908 3427 2147 3491 multum
2209 3424 2518 3490 studuisse
2576 3424 2829 3502 videtur,

550 3533 654 3603 ut,
713 3545 866 3608 quae
911 3528 1156 3610 sentiat,
1217 3531 1370 3612 aptis
1412 3532 1611 3595 verbis
1658 3535 1983 3615 exprimat,
2041 3530 2148 3595 sed
2195 3531 2380 3594 multo
2427 3529 2629 3610 plures
2674 3536 2830 3608 sunt,

551 3631 654 3711 qui
697 3630 870 3693 facile
915 3632 1321 3718 intelliguntur
1369 3643 1431 3699 et
1484 3639 1776 3701 sermonis
1837 3637 2128 3720 elegantia
2187 3633 2505 3697 excellunt.
2575 3633 2827 3695 Causam

550 3733 706 3798 illius
767 3735 1147 3800 obscuritatis
1210 3740 1321 3801 viri
1382 3741 1618 3821 quidam
1679 3741 1836 3805 docti
1899 3742 1958 3804 in
2023 3738 2417 3802 imbecillitate
2463 3737 2687 3821 ingenii
2730 3734 2830 3797 vel

549 3837 790 3903 defectu
832 3841 1156 3905 verborum
1201 3845 1502 3926 reperisse
1545 3846 1659 3909 sibi
1706 3846 2001 3923 videntur,
2048 3844 2310 3908 Persium
2358 3859 2625 3923 pugnare
2667 3857 2828 3921 quo-

553 3942 866 4009 dammodo
943 3966 1074 4010 cum
1135 3965 1417 4011 sermone
1479 3957 1542 4013 et
1601 3970 1755 4033 quae
1827 3957 2080 4013 mentem
2140 3947 2363 4032 agitent
2430 3944 2533 4007 vix
2591 3942 2825 4006 tandem

688 4159 740 4225 ¹⁸¹)
776 4161 988 4226 „Persio
1022 4161 1151 4214 libro
1187 4157 1532 4215 scom'unicato
1569 4180 1664 4230 per
1696 4171 1820 4217 tutte
1855 4165 1903 4216 le
1929 4164 2093 4215 anime
2117 4157 2392 4227 paurose.“
2419 4157 2586 4211 lilonti.
2622 4156 2824 4221 (Libelli

554 4246 728 4300 titulus
749 4256 852 4304 est:
890 4248 1088 4314 „Satire
1115 4246 1166 4301 di
1189 4248 1386 4316 Persio,
1421 4249 1721 4305 traduzioue
1748 4250 1831 4304 del
1856 4251 2108 4304 cavaliere
2132 4248 2191 4302 V.
2216 4246 2387 4299 Monti-
2411 4244 2591 4297 Milano
2615 4244 2826 4312 ¹826.“)
