3246 4959
1550 295 1604 372 9

450 488 715 551 musicae
757 485 945 550 studia
991 485 1347 571 exagitavit,
1390 493 1528 569 post
1571 487 1837 570 ipsorum
1880 494 2128 550 mortem
2174 485 2542 569 conscripsit.
2588 484 2726 549 Rari

451 584 766 655 admodum
827 590 988 672 apud
1034 591 1300 653 Persium
1364 589 1478 653 loci
1541 599 1709 670 sunt,
1777 591 1993 672 quibus
2055 591 2327 654 homines
2396 589 2727 654 nominatim

450 696 884 778 corripiuntur,
943 702 1008 758 ut
1052 693 1109 773 l,
1163 693 1248 757 85
1302 695 1524 774 ,Pedius
1587 695 1838 774 Orator,
1897 694 1982 772 ll,
2041 695 2121 757 72
2182 693 2510 757 »Messalae
2570 693 2728 776 lippa

451 818 779 882 propago,“
828 800 900 879 V,
945 799 986 862 9
1031 797 1218 879 Glyco
1264 798 1622 882 tragoedus,
1687 798 1783 877 Vl,
1827 800 1910 861 44
1957 816 2088 880 sqq.
2138 797 2432 881 Caligula,
2503 798 2728 860 ridicu-

449 901 568 966 lum
631 903 707 965 de
754 904 1059 967 Germanis
1105 902 1458 983 triumphum
1521 921 1762 984 parans3
1825 902 2117 965 Neronem
2184 904 2373 984 ipsum
2435 920 2553 964 non
2610 919 2730 963 no·-

451 1009 726 1070 minatum
786 1007 933 1071 locis
995 1006 1342 1086 quibusdam
1406 1008 1627 1070 satirae
1679 1008 1905 1089 primae
1966 1014 2025 1069 et
2071 1013 2315 1087 quartae
2374 1004 2734 1087 reprehendi

451 1118 626 1193 patet.
686 1112 833 1175 Aliis
893 1129 1135 1191 quoque
1192 1110 1339 1173 locis
1401 1109 1489 1190 (1,
1547 1109 1627 1173 13
1674 1129 1803 1193 sqq.
1863 1109 1946 1173 30
1992 1128 2119 1191 sqq.
2171 1109 2253 1173 70
2296 1128 2422 1192 sqq.
2470 1105 2552 1173 92
2600 1127 2734 1191 sqq.

458 1213 576 1279 127
625 1234 752 1296 sqq.
800 1213 897 1293 lV,
942 1214 1024 1277 25
1070 1230 1201 1294 sqq.
1248 1213 1321 1293 V,
1366 1214 1571 1287 2—-9)
1632 1215 1902 1300 homines
1972 1232 2090 1276 non
2136 1213 2416 1276 nominati
2478 1213 2556 1275 ita
2618 1213 2732 1275 de-

451 1318 824 1396 scribuntur,
888 1325 985 1397 ut,
1032 1335 1185 1397 quos
1231 1326 1405 1399 poeta
1452 1326 1790 1399 spectaret,
1837 1336 2045 1381 omnes
2091 1318 2507 1403 intelligerent.
2556 1319 2733 1381 Pror-

453 1441 555 1487 sus
600 1421 783 1484 inutili
841 1439 989 1484 vero
1051 1422 1253 1485 studio
1314 1423 1426 1484 viri
1488 1423 1721 1503 quidam
1782 1423 1937 1486 docti
1998 1422 2144 1486 alios
2189 1421 2499 1500 homines,
2558 1420 2733 1484 nobis

455 1544 530 1590 ex
586 1526 819 1589 illorum
878 1533 1209 1608 temporum
1268 1525 1512 1589 historia
1576 1534 1787 1607 notos,
1848 1528 2308 1610 inquisiverunt,
2369 1527 2520 1587 inter
2582 1542 2732 1606 quos

454 1631 825 1694 Lehmannus
867 1632 1051 1694 Persii
1113 1631 1321 1694 satiras
1383 1630 1495 1695 illis
1558 1633 1879 1712 poematis,
1940 1649 2095 1713 quae
2157 1649 2191 1694 a
2260 1629 2432 1693 nobis
2496 1627 2732 1710 politica

455 1734 866 1816 appellantur,
925 1735 1225 1798 ascribere
1291 1753 1409 1797 non
1481 1735 1784 1799 dubitavit.
1874 1734 1976 1798 llle
2043 1733 2237 1798 omnia
2297 1733 2426 1796 fere
2486 1734 2733 1814 ipsaque

452 1838 609 1902 levia
670 1858 741 1902 ac
806 1839 1024 1902 minuta
1084 1838 1157 1901 ad
1215 1838 1379 1901 viros
1423 1840 1523 1903 vel
1567 1841 1627 1902 in
1672 1858 1740 1902 re
1785 1838 2018 1921 publica
2065 1838 2161 1901 vel
2215 1839 2275 1900 in
2319 1837 2509 1901 literis
2580 1854 2734 1900 con·

453 1943 691 2025 spicuos
735 1942 954 2020 retulit,
999 1942 1158 2024 quod
1204 1945 1571 2027 argumentis
1617 1945 1759 2008 satis
1804 1944 2048 2007 incertis
2098 1942 2553 2006 confirmaturus
2598 1949 2735 2005 stu-

456 2046 556 2110 dio
623 2054 687 2110 et
746 2047 1009 2110 doctrina
1068 2047 1307 2111 mirifice
1372 2049 1591 2112 abusus
1648 2056 1761 2112 est.
1828 2048 2181 2115 Sententiam
2246 2045 2732 2127 disputationibus
2787 2116 2792 2119 ,

459 2152 535 2215 de
581 2160 689 2215 sat.
721 2152 760 2214 1.
795 2151 862 2216 11.
896 2153 968 2214 V.
1014 2170 1207 2233 nuper
1252 2152 1427 2216 editis
1472 2151 1711 2227 (Philol.
1760 2153 1820 2231 6,
1867 2151 1927 2215 3.
1972 2150 2199 2214 Ztschr.
2245 2149 2288 2213 f.
2323 2148 2730 2213 Althwissscb.

459 2250 644 2320 1852.
683 2255 797 2318 Νο.
829 2242 929 2320 25.
966 2255 1173 2339 Progr.
1217 2275 1414 2340 gymn.
1454 2258 1792 2340 Gryphisvv.
1838 2276 1890 2319 a.
1928 2253 2128 2329 1855)
2176 2255 2318 2318 viris
2362 2253 2551 2318 doctis
2584 2271 2735 2335 pro-

457 2360 600 2424 bare
644 2359 899 2440 studuit,
961 2346 1070 2424 sed
1116 2379 1341 2442 paucos
1387 2369 1609 2427 tanturn
1673 2362 1766 2425 vel
1810 2361 2102 2424 neminem
2150 2367 2292 2441 puto
2342 2377 2417 2421 eo
2463 2357 2732 2438 deduxit,

459 2472 523 2529 ut
564 2464 772 2529 talibus
835 2465 1050 2550 ”nugis
1109 2465 1342 2548 pondus
1401 2466 1746 2531 adderent«
1811 2467 1886 2531 Ut
1941 2485 2118 2530 unum
2178 2472 2394 2529 tantum
2441 2481 2736 2540 moneam,

460 2570 510 2633 si
553 2569 791 2633 Persius
852 2586 922 2632 re
984 2588 1127 2632 vera
1173 2571 1497 2650 Neronem,
1557 2573 1892 2654 Poppaeam
1948 2571 2098 2633 alios
2142 2571 2222 2632 ita
2272 2568 2611 2645 denotavit,
2671 2575 2736 2631 ut

460 2690 666 2735 omnes
710 2672 1128 2756 intelligerent,
1172 2674 1334 2737 Nero
1382 2671 1511 2758 ipse
1556 2677 1758 2758 illique
1805 2677 1896 2738 alii
1943 2693 2059 2737 non
2091 2672 2457 2736 intellexisse
2492 2672 2733 2753 putandi

459 2776 641 2839 sunt?
685 2776 873 2839 Recte
916 2777 1240 2860 Koenigius
1287 2783 1375 2860 (p.
1423 2780 1506 2844 22
1553 2780 1679 2850 ed.)
1726 2779 1892 2858 illos,
1938 2779 2036 2860 qui
2086 2778 2344 2841 Persium
2394 2777 2733 2839 obscuritati

460 2879 759 2943 studuisse
795 2879 1116 2956 affirmant,
1157 2889 1221 2944 ut
1266 2882 1558 2947 delatores
1606 2883 1941 2965 effugeret,
1985 2881 2234 2944 ridicule
2270 2881 2539 2962 judicare
2573 2880 2735 2959 dixit,

461 3002 529 3046 ac
571 2985 623 3046 si
665 3002 783 3045 non
830 2984 955 3047 istis
999 2986 1365 3066 temporibus
1411 2987 1512 3050 vel
1557 2987 1853 3050 levissima
1898 2986 2163 3067 suspicio
2226 2985 2343 3046 vim
2389 2985 2571 3065 ipsius
2618 2984 2728 3048 de-

462 3086 578 3150 licti
624 3087 934 3151 habuisset.
1000 3088 1188 3162 Quum
1248 3092 1424 3155 satira
1469 3109 1587 3154 non
1635 3090 1849 3175 vulgus
1893 3090 2221 3168 hominum,
2278 3088 2387 3152 sed
2434 3087 2569 3151 illos
2614 3106 2733 3169 po·

462 3193 744 3255 tissimum
790 3192 1147 3273 insectetur,
1209 3195 1309 3276 qui
1363 3194 1463 3258 vel
1507 3195 1788 3278 dignitate
1842 3194 1938 3255 vel
1985 3194 2283 3275 opulentia
2329 3189 2427 3255 vel
2472 3191 2734 3256 doctrina

463 3296 714 3359 omnium
775 3297 957 3358 instar
1026 3315 1168 3360 esse
1246 3298 1548 3378 videntur,
1621 3299 1826 3362 Persio
1880 3296 2020 3360 illud
2090 3297 2235 3359 vitio
2299 3304 2600 3360 vertamus
2661 3296 2733 3359 ad

462 3401 623 3483 quod
686 3418 796 3482 pro
857 3401 1164 3481 iniquitate
1225 3421 1427 3467 rerum
1495 3422 1565 3466 ac
1640 3409 1971 3483 temporum
2030 3407 2273 3463 coactus
2336 3399 2517 3462 erat?
2606 3399 2738 3481 lpse

463 3524 662 3569 veram
708 3506 880 3568 animi
926 3507 1280 3570 sententiam
1339 3508 1569 3590 aperire
1612 3506 1725 3570 sibi
1769 3524 1886 3568 non
1933 3506 2117 3568 licere
2162 3521 2334 3585 quam
2397 3503 2615 3567 acerbe
2678 3511 2740 3567 et

461 3610 727 3693 graviter
771 3608 813 3686 l,
869 3606 988 3672 119
1034 3606 1329 3691 queritur!
2784 3677 2789 3681 ,

637 3712 752 3785 Qui
799 3712 876 3774 ob
916 3712 1070 3775 illam
1117 3731 1351 3776 causam
1383 3714 1569 3778 Persii
1603 3715 1812 3777 satiras
1846 3718 2227 3775 contemnunt
2273 3718 2334 3773 et
2379 3709 2739 3791 disputatio-

465 3834 577 3881 nes
625 3834 660 3878 e
705 3814 948 3879 scholae
978 3815 1200 3884 umbris
1247 3825 1590 3900 prognatas,
1636 3816 1925 3899 sanguine
1972 3823 2031 3878 et
2077 3814 2277 3876 nervis
2311 3821 2581 3877 carentes
2627 3832 2739 3893 ap-

465 3919 703 4000 pellant,
745 3920 1003 3999 iniquius
1038 3918 1306 4000 judicare
1362 3920 1499 3982 mihi
1542 3920 1855 3998 videntur,
1916 3928 2208 3999 tamquam
2255 3916 2454 3980 nullae
2501 3918 2737 3981 omnino

468 4023 683 4086 satirae
729 4023 908 4085 scribi
935 4025 1189 4104 possint,
1237 4042 1391 4102 quae
1426 4042 1527 4087 res
1574 4024 2045 4086 contumeliosas
2078 4029 2139 4085 et
2169 4022 2417 4104 insignis
2463 4022 2734 4085 infamiae

470 4143 587 4187 non
649 4127 1001 4189 contineant.
1092 4126 1402 4189 Contrario
1465 4127 1608 4189 vitio
1671 4125 1890 4190 multae
1936 4126 2151 4188 satirae
2217 4125 2530 4198 laborant,
2592 4144 2741 4207 quae

471 4228 621 4299 nulla
683 4230 1013 4301 urbanitate
1081 4229 1376 4320 mitigatae
1420 4247 1490 4293 ac
1528 4235 1890 4320 temperatae
1924 4229 2200 4316 omnique
2247 4229 2462 4293 virtute
2508 4230 2743 4317 poetica
